<collection>
	<record>
		<leader>01806cam a22004575  4500</leader>
		<controlfield tag="001">kt33jcx9h6qzbn9x</controlfield>
		<controlfield tag="003">LIBRIS</controlfield>
		<controlfield tag="005">20190108124248.0</controlfield>
		<controlfield tag="008">181210s2017    ru |||||||||||000 1|rus|d</controlfield>
		<datafield tag="020" ind1=" " ind2=" ">
			<subfield code="a">9785699967582</subfield>
		</datafield>
		<datafield tag="041" ind1="1" ind2=" ">
			<subfield code="a">rus</subfield>
			<subfield code="h">eng</subfield>
		</datafield>
		<datafield tag="100" ind1="1" ind2=" ">
			<subfield code="a">Pratchett, Terry</subfield>
			<subfield code="d">1948-2015</subfield>
			<subfield code="0">http://viaf.org/viaf/76382712</subfield>
			<subfield code="4">aut</subfield>
		</datafield>
		<datafield tag="240" ind1="1" ind2="0">
			<subfield code="a">Only you can save mankind</subfield>
			<subfield code="l">Russian</subfield>
			<subfield code="0">http://viaf.org/viaf/1730145424652486830722</subfield>
		</datafield>
		<datafield tag="245" ind1="1" ind2="0">
			<subfield code="a">Tolko ty mozjesj spasti tjelovetjestvo</subfield>
		</datafield>
		<datafield tag="264" ind1=" " ind2="1">
			<subfield code="a">Moskva :</subfield>
			<subfield code="b">Izdatelstvo "EKSMO",</subfield>
			<subfield code="c">2017</subfield>
		</datafield>
		<datafield tag="300" ind1=" " ind2=" ">
			<subfield code="a">236 s.</subfield>
		</datafield>
		<datafield tag="336" ind1=" " ind2=" ">
			<subfield code="a">text</subfield>
			<subfield code="b">txt</subfield>
			<subfield code="2">rdacontent</subfield>
			<subfield code="0">http://rdaregistry.info/termList/RDAContentType/1020</subfield>
		</datafield>
		<datafield tag="337" ind1=" " ind2=" ">
			<subfield code="a">unmediated</subfield>
			<subfield code="b">n</subfield>
			<subfield code="2">rdamedia</subfield>
			<subfield code="0">http://rdaregistry.info/termList/RDAMediaType/1007</subfield>
		</datafield>
		<datafield tag="338" ind1=" " ind2=" ">
			<subfield code="a">volume</subfield>
			<subfield code="b">nc</subfield>
			<subfield code="2">rdacarrier</subfield>
			<subfield code="0">http://rdaregistry.info/termList/RDACarrierType/1001</subfield>
		</datafield>
		<datafield tag="380" ind1=" " ind2=" ">
			<subfield code="a">novel</subfield>
			<subfield code="0">http://id.loc.gov/vocabulary/marcgt/nov</subfield>
			<subfield code="2">marcgt</subfield>
		</datafield>
		<datafield tag="490" ind1="1" ind2=" ">
			<subfield code="a">Johnny Maxwell trilogy</subfield>
			<subfield code="v">Bk. 1</subfield>
		</datafield>
		<datafield tag="500" ind1=" " ind2=" ">
			<subfield code="a">Ungdomsbog</subfield>
		</datafield>
		<datafield tag="500" ind1=" " ind2=" ">
			<subfield code="a">Svensk titel: Bara du kan rädda mänskligheten.</subfield>
		</datafield>
		<datafield tag="500" ind1=" " ind2=" ">
			<subfield code="a">Originaludgave: 1992.</subfield>
		</datafield>
		<datafield tag="520" ind1="8" ind2=" ">
			<subfield code="a">Tolvårige Johnny lider under sine forældres konflikter, mens han i fjernsynet ser dækningen af Golfkrigen. Han spiller et computerspil, hvor han i stigende grad bliver trukket ind i et rumvæsens verden.</subfield>
		</datafield>
		<datafield tag="546" ind1=" " ind2=" ">
			<subfield code="a">Kyrillisk alfabet.</subfield>
		</datafield>
		<datafield tag="580" ind1=" " ind2=" ">
			<subfield code="a">Samhörende: Tolko ty mozjesj spasti tjelovetjestvo ; Dzjonni i mertvetsy ; Dzjonni i bomba.</subfield>
		</datafield>
		<datafield tag="600" ind1="1" ind2="4">
			<subfield code="a">Maxwell, Johnny</subfield>
			<subfield code="c">fictitious character</subfield>
			<subfield code="e">Depicted</subfield>
			<subfield code="4">dpc</subfield>
			<subfield code="0">https://viaf.org/viaf/33154257823024150341</subfield>
		</datafield>
		<datafield tag="650" ind1=" " ind2="4">
			<subfield code="a">young adult</subfield>
		</datafield>
		<datafield tag="650" ind1=" " ind2="4">
			<subfield code="a">science fiction</subfield>
		</datafield>
		<datafield tag="650" ind1=" " ind2="4">
			<subfield code="a">computer games</subfield>
		</datafield>
		<datafield tag="720" ind1=" " ind2=" ">
			<subfield code="a">E.Ju. Aleksandrova.</subfield>
			<subfield code="4">trl</subfield>
		</datafield>
		<datafield tag="800" ind1="1" ind2="">
			<!-- rettet fra 830 -->
			<subfield code="a">Terri Pratchett</subfield>
			<subfield code="l">russian</subfield>
			<subfield code="t">Trilogija Dzjonni Maksvella ;</subfield>
			<!-- rettet fra $p -->
			<subfield code="v">1</subfield>
			<subfield code="0">http://viaf.org/viaf/184027548</subfield>
		</datafield>
	</record>