
	<record>
		<leader>00900cam a22002658i 4500</leader>
		<controlfield tag="001">cmmshh5g988gm1gv</controlfield>
		<controlfield tag="003">LIBRIS</controlfield>
		<controlfield tag="005">20181003113905.0</controlfield>
		<controlfield tag="008">181003s2015    xx |||||||||||000 0|eng|d</controlfield>
		<datafield tag="020" ind1=" " ind2=" ">
			<subfield code="a">9781910281918</subfield>
		</datafield>
		<datafield tag="041" ind1=" " ind2=" ">
			<subfield code="a">eng</subfield>
		</datafield>
		<datafield tag="100" ind1="1" ind2=" ">
			<subfield code="a">Pratchett, Terry</subfield>
			<subfield code="d">1948-2015</subfield>
			<subfield code="4">aut</subfield>
			<subfield code="0">http://viaf.org/viaf/76382712</subfield>
		</datafield>
		<datafield tag="240" ind1="1" ind2="0">
			<subfield code="a">Good omens : the nice and accurate prophecies of Agnes Nutter, witch‏</subfield>
			<subfield code="0">http://viaf.org/viaf/4312155566461613380002</subfield>
		</datafield>
		<datafield tag="245" ind1="1" ind2="0">
			<subfield code="a">Good omens - the bbc radio 4 dramatisation</subfield>
		</datafield>
		<datafield tag="263" ind1=" " ind2=" ">
			<subfield code="a">201501</subfield>
		</datafield>
		<datafield tag="264" ind1=" " ind2="1">
			<subfield code="b">Bbc Worldwide Ltd,</subfield>
			<subfield code="c">2015</subfield>
		</datafield>
		<datafield tag="300" ind1=" " ind2=" ">
			<subfield code="c">14.4 cm</subfield>
		</datafield>
		<datafield tag="336" ind1=" " ind2=" ">
			<subfield code="a">spoken word</subfield>
			<subfield code="0">http://rdaregistry.info/termList/RDAContentType/1013</subfield>
			<subfield code="2">rdacontent</subfield>
		</datafield>
		<datafield tag="337" ind1=" " ind2=" ">
			<subfield code="a">audio</subfield>
			<subfield code="0">http://rdaregistry.info/termList/RDAMediaType/1001</subfield>
			<subfield code="2">rdamedia</subfield>
		</datafield>
		<datafield tag="338" ind1=" " ind2=" ">
			<subfield code="a">computerdisc</subfield>
			<subfield code="0">http://rdaregistry.info/termList/RDACarrierType/1013</subfield>
			<subfield code="2">rdacarrier</subfield>
		</datafield>
		<datafield tag="380" ind1=" " ind2=" ">
			<subfield code="a">fiction</subfield>
			<subfield code="0">http://id.loc.gov/vocabulary/marcgt/fic</subfield>
			<subfield code="2">marcgt</subfield>
		</datafield>
		<datafield tag="340" ind1=" " ind2=" ">
			<subfield code="b">14.4 cm</subfield>
		</datafield>
		<datafield tag="655" ind1=" " ind2="4">
			<subfield code="0">https://id.kb.se/marc/NotFictionNotFurtherSpecified</subfield>
		</datafield>
		<datafield tag="700" ind1="1" ind2="">
			<subfield code="a">Gaiman, Neil</subfield>
			<subfield code="e">author</subfield>
			<subfield code="4">aut</subfield>
			<subfield code="0">http://viaf.org/viaf/103859257</subfield>
		</datafield>
	</record>