
	<record>
		<leader>00943cam a22002778i 4500</leader>
		<controlfield tag="001">r117x565p4g2dss3</controlfield>
		<controlfield tag="003">LIBRIS</controlfield>
		<controlfield tag="005">20181003184101.0</controlfield>
		<controlfield tag="008">181003s2018    xx ||||j||||||000 1|eng|d</controlfield>
		<datafield tag="020" ind1=" " ind2=" ">
			<subfield code="a">9780552576796</subfield>
			<subfield code="q">pocket</subfield>
		</datafield>
		<datafield tag="041" ind1=" " ind2=" ">
			<subfield code="a">eng</subfield>
		</datafield>
		<datafield tag="100" ind1="1" ind2=" ">
			<subfield code="a">Pratchett, Terry.</subfield>
			<subfield code="d">1948-2015</subfield>
			<subfield code="4">aut</subfield>
			<subfield code="0">http://viaf.org/viaf/76382712</subfield>
		</datafield>
		<datafield tag="240" ind1="1" ind2="0">
			<subfield code="a">Only you can save mankind</subfield>
			<subfield code="0">http://viaf.org/viaf/1730145424652486830722</subfield>
		</datafield>
		<datafield tag="245" ind1="1" ind2="0">
			<subfield code="a">Only you can save mankind</subfield>
		</datafield>
		<datafield tag="263" ind1=" " ind2=" ">
			<subfield code="a">201802</subfield>
		</datafield>
		<datafield tag="264" ind1=" " ind2="1">
			<subfield code="b">Random House Childrens Publish,</subfield>
			<subfield code="c">2018</subfield>
		</datafield>
		<datafield tag="300" ind1=" " ind2=" ">
			<subfield code="a">240 sidor</subfield>
			<subfield code="c">19.9 cm</subfield>
		</datafield>
		<datafield tag="336" ind1=" " ind2=" ">
			<subfield code="a">text</subfield>
			<subfield code="b">txt</subfield>
			<subfield code="2">rdacontent</subfield>
			<subfield code="0">http://rdaregistry.info/termList/RDAContentType/1020</subfield>
		</datafield>
		<datafield tag="337" ind1=" " ind2=" ">
			<subfield code="a">unmediated</subfield>
			<subfield code="b">n</subfield>
			<subfield code="2">rdamedia</subfield>
			<subfield code="0">http://rdaregistry.info/termList/RDAMediaType/1007</subfield>
		</datafield>
		<datafield tag="338" ind1=" " ind2=" ">
			<subfield code="a">volume</subfield>
			<subfield code="b">nc</subfield>
			<subfield code="2">rdacarrier</subfield>
			<subfield code="0">http://rdaregistry.info/termList/RDACarrierType/1001</subfield>
		</datafield>
		<datafield tag="380" ind1=" " ind2=" ">
			<subfield code="a">novel</subfield>
			<subfield code="0">http://id.loc.gov/vocabulary/marcgt/nov</subfield>
			<subfield code="2">marcgt</subfield>
		</datafield>
		<datafield tag="340" ind1=" " ind2=" ">
			<subfield code="b">19.9 cm</subfield>
		</datafield>
		<datafield tag="490" ind1="1" ind2=" ">
			<subfield code="a">Johnny Maxwell trilogy</subfield>
			<subfield code="v">Bk. 1</subfield>
		</datafield>
		<datafield tag="655" ind1=" " ind2="4">
			<subfield code="0">https://id.kb.se/marc/FictionNotFurtherSpecified</subfield>
		</datafield>
		<datafield tag="800" ind1="1" ind2="">
			<subfield code="a">Terry Pratchett</subfield>
			<subfield code="t">Johnny Maxwell trilogy</subfield>
			<subfield code="v">1</subfield>
			<subfield code="0">http://viaf.org/viaf/184027548</subfield>
		</datafield>
	</record>