
	<record>
		<leader>02204cgm a22003493a 4500</leader>
		<controlfield tag="001">16293899</controlfield>
		<controlfield tag="005">20120118071447.0</controlfield>
		<controlfield tag="007">vffcjaho|</controlfield>
		<controlfield tag="008">100621s2008    xxk198            mleng  </controlfield>
		<datafield tag="010" ind1=" " ind2=" ">
			<subfield code="a">  2010609079</subfield>
		</datafield>
		<datafield tag="017" ind1=" " ind2=" ">
			<subfield code="a">PA0001637754</subfield>
			<subfield code="b">U.S. Copyright Office</subfield>
		</datafield>
		<datafield tag="130">
			<subfield code="a">Terry Pratchett's The Colour of Magic</subfield>
			<subfield code="0">https://www.wikidata.org/wiki/Q1890400</subfield>
		</datafield>
		<datafield tag="245" ind1="0" ind2="0">
			<subfield code="a">The Colour of magic</subfield>
			<subfield code="c">RHI Entertainment ; directed and written by Vadim Jean.</subfield>
		</datafield>
		<datafield tag="246" ind1="1" ind2=" ">
			<subfield code="i">Alternate title on Copyright application:</subfield>
			<subfield code="a">Terry Pratchett's the colour of magic</subfield>
		</datafield>
		<datafield tag="257" ind1=" " ind2=" ">
			<subfield code="a">Great Britain.</subfield>
		</datafield>
		<datafield tag="260" ind1=" " ind2=" ">
			<subfield code="c">2008-03-23.</subfield>
		</datafield>
		<datafield tag="300" ind1=" " ind2=" ">
			<subfield code="3">viewing copy.</subfield>
			<subfield code="a">4 videocassettes of 4 (Betacam SP) (197 min., 17 sec.) :</subfield>
			<subfield code="b">sd., col. ;</subfield>
			<subfield code="c">1/2 in.</subfield>
		</datafield>
		<datafield tag="336" ind1=" " ind2=" ">
			<subfield code="a">two-dimensional moving image</subfield>
			<subfield code="b">tdi</subfield>
			<subfield code="2">rdacontent</subfield>
		</datafield>
		<datafield tag="337" ind1=" " ind2=" ">
			<subfield code="a">video</subfield>
			<subfield code="b">v</subfield>
			<subfield code="2">rdamedia</subfield>
		</datafield>
		<datafield tag="338" ind1=" " ind2=" ">
			<subfield code="a">videodisc</subfield>
			<subfield code="b">vd</subfield>
			<subfield code="2">rdacarrier</subfield>
		</datafield>
		<datafield tag="380" ind1=" " ind2=" ">
			<subfield code="a">Motion picture</subfield>
			<subfield code="0">http://id.loc.gov/vocabulary/marcgt/mot</subfield>
			<subfield code="2">marcgt</subfield>
		</datafield>
		<datafield tag="511" ind1="1" ind2=" ">
			<subfield code="a">David Jason, Sean Astin, Tim Curry.</subfield>
		</datafield>
		<datafield tag="520" ind1=" " ind2=" ">
			<subfield code="a">Tourist Twoflower is on holiday in Ankh-Morpork when a terrible fire breaks out, forcing him to flee the city alongside incompetent wizard, Rincewind. As the clueless pair set out on a magical journey across the disc, neither realizes that they are merely pawns in an elaborate board game being played by the gods. After encountering a pair of barbarians on their way out of Morpork, Twoflower and Rincewind take a trip to an inverted mountain housing dragons that only exist in imagination, survive a fall off the edge of the disc during a perilous visit to the country Krull, and attempt to beat Rincewind's former classmate Trymon to a collection of eight spells that could save Discworld from total destruction.</subfield>
		</datafield>
		<datafield tag="500" ind1=" " ind2=" ">
			<subfield code="a">Summary adapted from All movie guide WWW site, viewed June 21, 2010.</subfield>
		</datafield>
		<datafield tag="500" ind1=" " ind2=" ">
			<subfield code="a">Episode no. 1-2.</subfield>
		</datafield>
		<datafield tag="500" ind1=" " ind2=" ">
			<subfield code="a">Based on the novel by Terry Pratchett.</subfield>
		</datafield>
		<datafield tag="500" ind1=" " ind2=" ">
			<subfield code="a">Sources used: video container; Copyright catalog online; Copyright description; Internet movie database WWW site, viewed June 21, 2010; All movie guide WWW site, viewed June 21, 2010.</subfield>
		</datafield>
		<datafield tag="655" ind1=" " ind2="7">
			<subfield code="a">Fiction television programs.</subfield>
			<subfield code="2">lcgft</subfield>
		</datafield>
		<datafield tag="655" ind1=" " ind2="7">
			<subfield code="a">Fantasy television programs.</subfield>
			<subfield code="2">lcgft</subfield>
		</datafield>
		<datafield tag="655" ind1=" " ind2="7">
			<subfield code="a">Made-for-TV movies.</subfield>
			<subfield code="2">lcgft</subfield>
		</datafield>
		<datafield tag="700" ind1="1" ind2=" ">
			<subfield code="a">Jean, Vadim</subfield>
			<subfield code="e">director</subfield>
			<subfield code="4">dir</subfield>
			<subfield code="0">http://viaf.org/viaf/21919339</subfield>
		</datafield>
		<datafield tag="700" ind1="1" ind2=" ">
			<subfield code="a">Pratchett, Terry.</subfield>
			<subfield code="i">motion picture adaptation of work</subfield>
			<subfield code="4">http://rdaregistry.info/Elements/w/motionPictureAdaptationOfWork.en</subfield>
			<subfield code="t">Colour of magic</subfield>
			<subfield code="0">http://viaf.org/viaf/188307651</subfield>
		</datafield>
		<datafield tag="710" ind1="2" ind2=" ">
			<subfield code="a">Copyright Collection (Library of Congress)</subfield>
			<subfield code="5">DLC</subfield>
		</datafield>
	</record>