
	<record>
		<leader>01084cam a2200313 a 4500</leader>
		<controlfield tag="001">14924077</controlfield>
		<controlfield tag="005">20070828103422.0</controlfield>
		<controlfield tag="008">070711s1999    enk           000 0 eng d</controlfield>
		<datafield tag="010" ind1=" " ind2=" ">
			<subfield code="a">  2007408152</subfield>
		</datafield>
		<datafield tag="020" ind1=" " ind2=" ">
			<subfield code="a">057301776X (pbk.)</subfield>
		</datafield>
		<datafield tag="100" ind1="1" ind2=" ">
			<subfield code="a">Briggs, Stephen,</subfield>
			<subfield code="0">http://viaf.org/viaf/107598413</subfield>
			<subfield code="d">1951-</subfield>
		</datafield>
		<datafield tag="240" ind1="1" ind2="0">
			<subfield code="a">Terry Pratchett's Carpe Jugulum : a play</subfield>
			<subfield code="0">https://www.worldcat.org/title/terry-pratchetts-carpe-jugulum-a-play/oclc/833620868</subfield>
		</datafield>
		<datafield tag="245" ind1="1" ind2="0">
			<subfield code="a">Terry Pratchett's Carpe jugulum :</subfield>
			<subfield code="b">a play /</subfield>
			<subfield code="c">adapted for the stage by Stephen Briggs.</subfield>
		</datafield>
		<datafield tag="246" ind1="3" ind2="0">
			<subfield code="a">Carpe jugulum</subfield>
		</datafield>
		<datafield tag="260" ind1=" " ind2=" ">
			<subfield code="a">London ;</subfield>
			<subfield code="a">New York :</subfield>
			<subfield code="b">Samuel French,</subfield>
			<subfield code="c">c1999.</subfield>
		</datafield>
		<datafield tag="300" ind1=" " ind2=" ">
			<subfield code="a">118 p. ;</subfield>
			<subfield code="c">22 cm.</subfield>
		</datafield>
		<datafield tag="336" ind1=" " ind2=" ">
			<subfield code="a">text</subfield>
			<subfield code="b">txt</subfield>
			<subfield code="2">rdacontent</subfield>
			<subfield code="0">http://rdaregistry.info/termList/RDAContentType/1020</subfield>
		</datafield>
		<datafield tag="337" ind1=" " ind2=" ">
			<subfield code="a">unmediated</subfield>
			<subfield code="b">n</subfield>
			<subfield code="2">rdamedia</subfield>
			<subfield code="0">http://rdaregistry.info/termList/RDAMediaType/1007</subfield>
		</datafield>
		<datafield tag="338" ind1=" " ind2=" ">
			<subfield code="a">volume</subfield>
			<subfield code="b">nc</subfield>
			<subfield code="2">rdacarrier</subfield>
			<subfield code="0">http://rdaregistry.info/termList/RDACarrierType/1001</subfield>
		</datafield>
		<datafield tag="380" ind1=" " ind2=" ">
			<subfield code="a">fiction</subfield>
			<subfield code="0">http://id.loc.gov/vocabulary/marcgt/fic</subfield>
			<subfield code="2">marcgt</subfield>
		</datafield>
		<datafield tag="500" ind1=" " ind2=" ">
			<subfield code="a">Thirteen men, 12 women.</subfield>
		</datafield>
		<datafield tag="650" ind1=" " ind2="0">
			<subfield code="a">Vampires</subfield>
			<subfield code="v">Drama.</subfield>
		</datafield>
		<datafield tag="650" ind1=" " ind2="0">
			<subfield code="a">Discworld (Imaginary place)</subfield>
			<subfield code="v">Drama.</subfield>
		</datafield>
		<datafield tag="700" ind1="1" ind2=" ">
			<subfield code="a">Pratchett, Terry.</subfield>
			<subfield code="i">dramatization of work</subfield>
			<subfield code="4">http://rdaregistry.info/Elements/w/dramatizationOfWork.en</subfield>
			<subfield code="t">Carpe jugulum</subfield>
			<subfield code="0">http://viaf.org/viaf/7315154501877039210008</subfield>
		</datafield>
	</record>