
	<record>
		<leader>01093cam a2200277 a 4500</leader>
		<controlfield tag="001">3103643</controlfield>
		<controlfield tag="005">20130522065633.0</controlfield>
		<controlfield tag="008">990422r19991998nyu           000 1 eng  </controlfield>
		<datafield tag="010" ind1=" " ind2=" ">
			<subfield code="a">   99029277 </subfield>
		</datafield>
		<datafield tag="100" ind1="1" ind2=" ">
			<subfield code="a">Pratchett, Terry.</subfield>
			<subfield code="d">1948-2015</subfield>
			<subfield code="4">aut</subfield>
			<subfield code="0">http://viaf.org/viaf/76382712</subfield>
		</datafield>
		<datafield tag="240" ind1="" ind2="">
			<subfield code="a">Carpe Jugulum</subfield>
			<subfield code="0">http://viaf.org/viaf/7315154501877039210008</subfield>
		</datafield>
		<datafield tag="245" ind1="1" ind2="0">
			<subfield code="a">Carpe jugulum :</subfield>
			<subfield code="b">a novel of Discworld /</subfield>
			<subfield code="c">Terry Pratchett.</subfield>
		</datafield>
		<datafield tag="250" ind1=" " ind2=" ">
			<subfield code="a">1st U.S. ed.</subfield>
		</datafield>
		<datafield tag="260" ind1=" " ind2=" ">
			<subfield code="a">New York :</subfield>
			<subfield code="b">HarperPrism,</subfield>
			<subfield code="c">[1999], c1998.</subfield>
		</datafield>
		<datafield tag="300" ind1=" " ind2=" ">
			<subfield code="a">296 p. ;</subfield>
			<subfield code="c">25 cm.</subfield>
		</datafield>
		<datafield tag="336" ind1=" " ind2=" ">
			<subfield code="a">text</subfield>
			<subfield code="b">txt</subfield>
			<subfield code="2">rdacontent</subfield>
			<subfield code="0">http://rdaregistry.info/termList/RDAContentType/1020</subfield>
		</datafield>
		<datafield tag="337" ind1=" " ind2=" ">
			<subfield code="a">unmediated</subfield>
			<subfield code="b">n</subfield>
			<subfield code="2">rdamedia</subfield>
			<subfield code="0">http://rdaregistry.info/termList/RDAMediaType/1007</subfield>
		</datafield>
		<datafield tag="338" ind1=" " ind2=" ">
			<subfield code="a">volume</subfield>
			<subfield code="b">nc</subfield>
			<subfield code="2">rdacarrier</subfield>
			<subfield code="0">http://rdaregistry.info/termList/RDACarrierType/1001</subfield>
		</datafield>
		<datafield tag="380" ind1=" " ind2=" ">
			<subfield code="a">novel</subfield>
			<subfield code="0">http://id.loc.gov/vocabulary/marcgt/nov</subfield>
			<subfield code="2">marcgt</subfield>
		</datafield>
		<datafield tag="490" ind1="1" ind2=" ">
			<subfield code="a">Discworld series</subfield>
			<subfield code="v">Bk. 23</subfield>
		</datafield>
		<datafield tag="650" ind1=" " ind2="0">
			<subfield code="a">Discworld (fictional universe)</subfield>
			<subfield code="x">Fiction</subfield>
			<subfield code="0">https://www.wikidata.org/wiki/Q253295</subfield>
		</datafield>
		<datafield tag="655" ind1=" " ind2="7">
			<subfield code="a">Fantasy fiction.</subfield>
			<subfield code="2">gsafd</subfield>
		</datafield>
		<datafield tag="800" ind1="1" ind2="">
			<subfield code="a">Terry Pratchett</subfield>
			<subfield code="t">Discworld series</subfield>
			<subfield code="v">23</subfield>
			<subfield code="0">http://viaf.org/viaf/178287659</subfield>
		</datafield>
	</record>