
	<record>
		<leader>03951cam a22006495i 4500</leader>
		<controlfield tag="001">20621798</controlfield>
		<controlfield tag="005">20180815165629.0</controlfield>
		<controlfield tag="008">180808s2018    nyu           000 1 eng d</controlfield>
		<datafield tag="010" ind1=" " ind2=" ">
			<subfield code="a">  2018298598</subfield>
		</datafield>
		<datafield tag="020" ind1=" " ind2=" ">
			<subfield code="a">9781481483001</subfield>
			<subfield code="q">(paperback)</subfield>
		</datafield>
		<datafield tag="240" ind1=" " ind2=" ">
			<subfield code="a">The cackle of Cthulhu</subfield>
			<subfield code="0">https://www.worldcat.org/title/cackle-of-cthulhu/oclc/989963912</subfield>
		</datafield>
		<datafield tag="245" ind1="0" ind2="4">
			<subfield code="a">The cackle of Cthulhu /</subfield>
			<subfield code="c">edited by Alex Shvartsman</subfield>
		</datafield>
		<datafield tag="264" ind1=" " ind2="1">
			<subfield code="a">Riverdale, NY :</subfield>
			<subfield code="b">Baen Books,</subfield>
			<subfield code="c">2018.</subfield>
		</datafield>
		<datafield tag="300" ind1=" " ind2=" ">
			<subfield code="a">265 pages ;</subfield>
			<subfield code="c">24 cm.</subfield>
		</datafield>
		<datafield tag="336" ind1=" " ind2=" ">
			<subfield code="a">text</subfield>
			<subfield code="b">txt</subfield>
			<subfield code="2">rdacontent</subfield>
		</datafield>
		<datafield tag="337" ind1=" " ind2=" ">
			<subfield code="a">unmediated</subfield>
			<subfield code="b">n</subfield>
			<subfield code="2">rdamedia</subfield>
		</datafield>
		<datafield tag="338" ind1=" " ind2=" ">
			<subfield code="a">volume</subfield>
			<subfield code="b">nc</subfield>
			<subfield code="2">rdacarrier</subfield>
		</datafield>
		<datafield tag="380" ind1=" " ind2=" ">
			<subfield code="a">fiction</subfield>
			<subfield code="0">http://id.loc.gov/vocabulary/marcgt/fic</subfield>
			<subfield code="2">marcgt</subfield>
		</datafield>
		<datafield tag="520" ind1=" " ind2=" ">
			<subfield code="a">Top authors poke fun and pay tribute to H. P. Lovecraft's Cthulhu mythos -Amazon.com</subfield>
		</datafield>
		<datafield tag="505" ind1="0" ind2="0">
			<subfield code="t">Foreword /</subfield>
			<subfield code="r">by Alex Schvartsman --</subfield>
			<subfield code="t">The shunned trailer /</subfield>
			<subfield code="r">by Esther Friesner --</subfield>
			<subfield code="t">The captain in yellow /</subfield>
			<subfield code="r">by David Vaughan --</subfield>
			<subfield code="t">My little old one /</subfield>
			<subfield code="r">Jody Lynn Nye --</subfield>
			<subfield code="t">Tales of a fourth grade shoggoth /</subfield>
			<subfield code="r">by Kevin Wetmore --</subfield>
			<subfield code="t">Friday night at Brazee's /</subfield>
			<subfield code="r">by Mike Resnick --</subfield>
			<subfield code="t">To whatever /</subfield>
			<subfield code="r">by Shaenon K. Garrity --</subfield>
			<subfield code="t">The doom that came to Providence /</subfield>
			<subfield code="r">by Brian Trent --</subfield>
			<subfield code="t">Explaining Cthulhu to grandma /</subfield>
			<subfield code="r">by Alex Shvartsman --</subfield>
			<subfield code="t">The call of the pancake factory /</subfield>
			<subfield code="r">by Ken Liu --</subfield>
			<subfield code="t">The Innsmouth of the south /</subfield>
			<subfield code="r">Rachael K. Jones --</subfield>
			<subfield code="t">WWRD /</subfield>
			<subfield code="r">by Yvonne Navarro --</subfield>
			<subfield code="t">In the employee manual of madness /</subfield>
			<subfield code="r">by G. Scott Huggins --</subfield>
			<subfield code="t">Shoggoth's old peculiar /</subfield>
			<subfield code="r">by Neil Gaiman --</subfield>
			<subfield code="t">H.P. and me /</subfield>
			<subfield code="r">by Gini Koch --</subfield>
			<subfield code="t">The greatest leader /</subfield>
			<subfield code="r">by Aidan Doyle --</subfield>
			<subfield code="t">But someone's got to do it /</subfield>
			<subfield code="r">by Konstantine Paradias --</subfield>
			<subfield code="t">The call of uncopyrighted intellectual property /</subfield>
			<subfield code="r">by Amanda Helms --</subfield>
			<subfield code="t">Cthulhu, P.I. /</subfield>
			<subfield code="r">by Laura Resnick --</subfield>
			<subfield code="t">A stiff bargain /</subfield>
			<subfield code="r">by Matt Mikalatos --</subfield>
			<subfield code="t">The shadow over my dorm room /</subfield>
			<subfield code="r">by Laura Pearlman --</subfield>
			<subfield code="t">The tingling madness /</subfield>
			<subfield code="r">by Lucy A. Snyder --</subfield>
			<subfield code="t">The girl who loved Cthulhu /</subfield>
			<subfield code="r">by Nick Mamatas --</subfield>
			<subfield code="t">About the authors.</subfield>
		</datafield>
		<datafield tag="600" ind1="0" ind2="0">
			<subfield code="a">Cthulhu</subfield>
			<subfield code="c">(Fictitious character)</subfield>
			<subfield code="v">Fiction.</subfield>
		</datafield>
		<datafield tag="655" ind1=" " ind2="7">
			<subfield code="a">Fiction.</subfield>
			<subfield code="2">fast</subfield>
			<subfield code="0">(OCoLC)fst01423787</subfield>
		</datafield>
		<datafield tag="655" ind1=" " ind2="7">
			<subfield code="a">Science fiction.</subfield>
			<subfield code="2">fast</subfield>
			<subfield code="0">(OCoLC)fst01726489</subfield>
		</datafield>
		<datafield tag="655" ind1=" " ind2="7">
			<subfield code="a">Short stories.</subfield>
			<subfield code="2">fast</subfield>
			<subfield code="0">(OCoLC)fst01726740</subfield>
		</datafield>
		<datafield tag="655" ind1=" " ind2="7">
			<subfield code="a">Science fiction.</subfield>
			<subfield code="2">gsafd</subfield>
		</datafield>
		<datafield tag="655" ind1=" " ind2="7">
			<subfield code="a">Horror fiction.</subfield>
			<subfield code="2">gsafd</subfield>
		</datafield>
		<datafield tag="655" ind1=" " ind2="7">
			<subfield code="a">Short stories.</subfield>
			<subfield code="2">lcgft</subfield>
		</datafield>
		<datafield tag="655" ind1=" " ind2="7">
			<subfield code="a">Science fiction.</subfield>
			<subfield code="2">lcgft</subfield>
		</datafield>
		<datafield tag="700" ind1="1" ind2="2">
			<subfield code="a">Gaiman, Neil.</subfield>
			<subfield code="t">Shoggoth's old peculiar.</subfield>
			<subfield code="0">https://www.goodreads.com/book/show/47728</subfield>
		</datafield>
	</record>