
	<record>
		<leader>04313cam a2200469 i 4500</leader>
		<controlfield tag="001">19854143</controlfield>
		<controlfield tag="005">20180430164840.0</controlfield>
		<controlfield tag="008">170729s2016    nyu           000 j eng d</controlfield>
		<datafield tag="010" ind1=" " ind2=" ">
			<subfield code="a">  2017295713</subfield>
		</datafield>
		<datafield tag="020" ind1=" " ind2=" ">
			<subfield code="a">9781681771458</subfield>
		</datafield>
		<datafield tag="130" ind1="0" ind2=" ">
			<subfield code="a">Mammoth book of Frankenstein.</subfield>
			<subfield code="0">http://viaf.org/viaf/13148752308041202956</subfield>
		</datafield>
		<datafield tag="245" ind1="1" ind2="0">
			<subfield code="a">In the shadow of Frankenstein :</subfield>
			<subfield code="b">tales of the modern Prometheus /</subfield>
			<subfield code="c">edited by Stephen Jones ; foreword by Neil Gaiman.</subfield>
		</datafield>
		<datafield tag="250" ind1=" " ind2=" ">
			<subfield code="a">First Pegasus Books cloth edition.</subfield>
		</datafield>
		<datafield tag="264" ind1=" " ind2="1">
			<subfield code="a">New York :</subfield>
			<subfield code="b">Pegasus Books,</subfield>
			<subfield code="c">2016.</subfield>
		</datafield>
		<datafield tag="300" ind1=" " ind2=" ">
			<subfield code="a">xvii, 712 pages ;</subfield>
			<subfield code="c">24 cm</subfield>
		</datafield>
		<datafield tag="336" ind1=" " ind2=" ">
			<subfield code="a">text</subfield>
			<subfield code="b">txt</subfield>
			<subfield code="2">rdacontent</subfield>
		</datafield>
		<datafield tag="337" ind1=" " ind2=" ">
			<subfield code="a">unmediated</subfield>
			<subfield code="b">n</subfield>
			<subfield code="2">rdamedia</subfield>
		</datafield>
		<datafield tag="338" ind1=" " ind2=" ">
			<subfield code="a">volume</subfield>
			<subfield code="b">nc</subfield>
			<subfield code="2">rdacarrier</subfield>
		</datafield>
		<datafield tag="380" ind1=" " ind2=" ">
			<subfield code="a">fiction</subfield>
			<subfield code="0">http://id.loc.gov/vocabulary/marcgt/fic</subfield>
			<subfield code="2">marcgt</subfield>
		</datafield>
		<datafield tag="500" ind1=" " ind2=" ">
			<subfield code="a">"Originally published as The Mammoth Book of Frankenstein"--Title page verso.</subfield>
		</datafield>
		<datafield tag="520" ind1=" " ind2=" ">
			<subfield code="a">"Frankenstein. His very name conjures up images of plundered graves, secret laboratories, electrical experiments, and reviving the dead. Within these pages, the maddest doctor of them all and his demented disciples once again delve into the Secrets of Life, as science fiction meets horror when the world's most famous creature lives again. Here, collected together for the first time, are twenty-four electrifying tales of cursed creation that are guaranteed to spark your interest -- with classics from the pulp magazines by Robert Bloch and Manly Wade Wellman, modern masterpieces from Ramsey Campbell, Dennis Etchison, Karl Edward Wagner, David J. Schow, and R. Chetwynd-Hayes, and new contributions from Graham Masterton, Basil Copper, John Brunner, Guy N. Smith, Kim Newman, Paul J. McAuley, Roberta Lannes, Michael Marshall Smith, Stephen Volk, Daniel Fox, Adrian Cole, Nancy Kilpatrick, Brian Mooney and Lisa Morton. Plus, you're sure to get a charge from three complete novels: 'The Hound of Frankenstein' by Peter Tremayne, 'The Dead End' by David Case, and Mary Shelley's original masterpiece 'Frankenstein; or, The Modern Prometheus.' As an electrical storm rages overhead, the generators are charged up, and beneath the sheet a cold form awaits its miraculous rebirth. Now it's time to throw that switch and discover all that Man Was Never Meant to Know." -- Dust jacket.</subfield>
		</datafield>
		<datafield tag="505" ind1="0" ind2="0">
			<subfield code="t">Frankenstein or, The modern Prometheus /</subfield>
			<subfield code="r">Mary W. Shelley --</subfield>
			<subfield code="t">A new life /</subfield>
			<subfield code="r">Ramsey Campbell --</subfield>
			<subfield code="t">The creator /</subfield>
			<subfield code="r">R. Chetwynd-Hayes --</subfield>
			<subfield code="t">Better dead /</subfield>
			<subfield code="r">Basil Copper --</subfield>
			<subfield code="t">Creature comforts /</subfield>
			<subfield code="r">Nancy Kilpatrick --</subfield>
			<subfield code="t">Mannikins of horror /</subfield>
			<subfield code="r">Robert Bloch --</subfield>
			<subfield code="t">El sueño de razón /</subfield>
			<subfield code="r">Daniel Fox --</subfield>
			<subfield code="t">Pithecanthropus rejectus /</subfield>
			<subfield code="r">Manly Wade Wellman --</subfield>
			<subfield code="t">Tantamount to murder /</subfield>
			<subfield code="r">John Brunner --</subfield>
			<subfield code="t">Last train /</subfield>
			<subfield code="r">Guy N. Smith --</subfield>
			<subfield code="t">The hound of Frankenstein /</subfield>
			<subfield code="r">Peter Tremayne --</subfield>
			<subfield code="t">Mother of invention /</subfield>
			<subfield code="r">Graham Masterton --</subfield>
			<subfield code="t">The Frankenstein legacy /</subfield>
			<subfield code="r">Adrian Cole --</subfield>
			<subfield code="t">The dead line /</subfield>
			<subfield code="r">Dennis Etchison --</subfield>
			<subfield code="t">Poppi's monster /</subfield>
			<subfield code="r">Lisa Morton --</subfield>
			<subfield code="t">Undertow /</subfield>
			<subfield code="r">Karl Edward Wagner --</subfield>
			<subfield code="t">A complete woman /</subfield>
			<subfield code="r">Roberta Lannes --</subfield>
			<subfield code="t">Last call for the sons of shock /</subfield>
			<subfield code="r">David J. Schow --</subfield>
			<subfield code="t">Chandira /</subfield>
			<subfield code="r">Brian Mooney --</subfield>
			<subfield code="t">Celebrating Frankenstein /</subfield>
			<subfield code="r">Stephen Volk --</subfield>
			<subfield code="t">Completist heaven /</subfield>
			<subfield code="r">Kim Newman --</subfield>
			<subfield code="t">The temptation of Dr. Stein /</subfield>
			<subfield code="r">Paul McAuley --</subfield>
			<subfield code="t">To deceive is better /</subfield>
			<subfield code="r">Michael Marshall Smith --</subfield>
			<subfield code="t">The dead end /</subfield>
			<subfield code="r">David Case --</subfield>
			<subfield code="t">Frankenstein /</subfield>
			<subfield code="r">Jo Fletcher.</subfield>
		</datafield>
		<datafield tag="600" ind1="1" ind2="0">
			<subfield code="a">Frankenstein, Victor</subfield>
			<subfield code="c">(Fictitious character)</subfield>
			<subfield code="e">Depicted</subfield>
			<subfield code="4">dpc</subfield>
			<subfield code="v">Fiction.</subfield>
			<subfield code="0">https://www.wikidata.org/wiki/Q2320164</subfield>
		</datafield>
		<datafield tag="600" ind1="0" ind2="7">
			<subfield code="a">Frankenstein's Monster</subfield>
			<subfield code="c">(Fictitious character)</subfield>
			<subfield code="e">Depicted</subfield>
			<subfield code="4">dpc</subfield>
			<subfield code="0">https://www.wikidata.org/wiki/Q2021531</subfield>
		</datafield>
		<datafield tag="655" ind1=" " ind2="7">
			<subfield code="a">Fiction.</subfield>
			<subfield code="2">fast</subfield>
			<subfield code="0">(OCoLC)fst01423787</subfield>
		</datafield>
		<datafield tag="655" ind1=" " ind2="7">
			<subfield code="a">Horror fiction.</subfield>
			<subfield code="2">fast</subfield>
			<subfield code="0">(OCoLC)fst01921684</subfield>
		</datafield>
		<datafield tag="655" ind1=" " ind2="7">
			<subfield code="a">Short stories.</subfield>
			<subfield code="2">fast</subfield>
			<subfield code="0">(OCoLC)fst01726740</subfield>
		</datafield>
		<datafield tag="655" ind1=" " ind2="7">
			<subfield code="a">Short stories.</subfield>
			<subfield code="2">gsafd</subfield>
		</datafield>
		<datafield tag="655" ind1=" " ind2="7">
			<subfield code="a">Horror fiction.</subfield>
			<subfield code="2">lcgft</subfield>
		</datafield>
		<datafield tag="655" ind1=" " ind2="7">
			<subfield code="a">Short stories.</subfield>
			<subfield code="2">lcgft</subfield>
		</datafield>
		<datafield tag="700" ind1="1" ind2=" ">
			<subfield code="a">Jones, Stephen,</subfield>
			<subfield code="d">1953-</subfield>
			<subfield code="4">edt</subfield>
			<subfield code="e">editor</subfield>
			<subfield code="0">http://viaf.org/viaf/114046456</subfield>
		</datafield>
		<datafield tag="700" ind1="1" ind2=" ">
			<subfield code="a">Gaiman, Neil,</subfield>
			<subfield code="4">aui</subfield>
			<subfield code="e">writer of introduction</subfield>
			<subfield code="0">http://viaf.org/viaf/103859257</subfield>
		</datafield>
	</record>