
	<record>
		<leader>00979cam a2200277 a 4500</leader>
		<controlfield tag="001">3998682</controlfield>
		<controlfield tag="005">19990226140342.6</controlfield>
		<controlfield tag="008">960612s1996    nyua          000 1 eng  </controlfield>
		<datafield tag="010" ind1=" " ind2=" ">
			<subfield code="a">   96028650 </subfield>
		</datafield>
		<datafield tag="020" ind1=" " ind2=" ">
			<subfield code="a">0061008338</subfield>
		</datafield>
		<datafield tag="130">
			<subfield code="a">Sandman book of dreams</subfield>
			<subfield code="0">http://viaf.org/viaf/310923719</subfield>
		</datafield>
		<datafield tag="245" ind1="0" ind2="4">
			<subfield code="a">The Sandman :</subfield>
			<subfield code="b">book of dreams /</subfield>
			<subfield code="c">edited by Neil Gaiman and Edward E. Kramer.</subfield>
		</datafield>
		<datafield tag="260" ind1=" " ind2=" ">
			<subfield code="a">New York :</subfield>
			<subfield code="b">HarperPrism,</subfield>
			<subfield code="c">1996.</subfield>
		</datafield>
		<datafield tag="300" ind1=" " ind2=" ">
			<subfield code="a">293 p. :</subfield>
			<subfield code="b">ill. ;</subfield>
			<subfield code="c">24 cm.</subfield>
		</datafield>
		<datafield tag="336" ind1=" " ind2=" ">
			<subfield code="a">text</subfield>
			<subfield code="b">txt</subfield>
			<subfield code="2">rdacontent</subfield>
			<subfield code="0">http://rdaregistry.info/termList/RDAContentType/1020</subfield>
		</datafield>
		<datafield tag="337" ind1=" " ind2=" ">
			<subfield code="a">unmediated</subfield>
			<subfield code="b">n</subfield>
			<subfield code="2">rdamedia</subfield>
			<subfield code="0">http://rdaregistry.info/termList/RDAMediaType/1007</subfield>
		</datafield>
		<datafield tag="338" ind1=" " ind2=" ">
			<subfield code="a">volume</subfield>
			<subfield code="b">nc</subfield>
			<subfield code="2">rdacarrier</subfield>
			<subfield code="0">http://rdaregistry.info/termList/RDACarrierType/1001</subfield>
		</datafield>
		<datafield tag="380" ind1=" " ind2=" ">
			<subfield code="a">fiction</subfield> .  <!-- eller andre passende termer fra marcgt-lista -->
			<subfield code="0">http://id.loc.gov/vocabulary/marcgt/fic</subfield>
			<subfield code="2">marcgt</subfield>
		</datafield>
		<datafield tag="500" ind1=" " ind2=" ">
			<subfield code="a">Short stories based on the comic book series The Sandman.</subfield>
		</datafield>
		<datafield tag="650" ind1=" " ind2="0">
			<subfield code="a">Fantasy fiction, American.</subfield>
		</datafield>
		<datafield tag="700" ind1="1" ind2=" ">
			<subfield code="a">Gaiman, Neil.</subfield>
			<subfield code="4">edt</subfield>
			<subfield code="e">editor</subfield>
			<subfield code="0">http://viaf.org/viaf/103859257</subfield>
		</datafield>
		<datafield tag="700" ind1="1" ind2=" ">
			<subfield code="a">Kramer, Edward E.</subfield>
			<subfield code="4">edt</subfield>
			<subfield code="e">editor</subfield>
			<subfield code="0">http://viaf.org/viaf/65672561</subfield>
		</datafield>
		<datafield tag="730" ind1="0" ind2=" ">
			<subfield code="a">Sandman.</subfield>
		</datafield>
	</record>