
	<record>
		<leader>04369cam a2200481 i 4500</leader>
		<controlfield tag="001">18714837</controlfield>
		<controlfield tag="005">20150724183628.0</controlfield>
		<controlfield tag="008">150724t20142014cau           000 0 eng c</controlfield>
		<datafield tag="020" ind1=" " ind2=" ">
			<subfield code="a">9781940450285 (hardcover)</subfield>
		</datafield>
		<datafield tag="100" ind1="1" ind2=" ">
			<subfield code="a">Doctorow, Cory,</subfield>
			<subfield code="4">aut</subfield>
			<subfield code="0">http://viaf.org/viaf/12632978</subfield>
		</datafield>
		<datafield tag="240" ind1=" " ind2=" ">
			<subfield code="a">Information doesn't want to be free : laws for the Internet age</subfield>
			<subfield code="0">http://viaf.org/viaf/4169151052032533530001</subfield>
		</datafield>
		<datafield tag="245" ind1="1" ind2="0">
			<subfield code="a">Information doesn't want to be free :</subfield>
			<subfield code="b">laws for the Internet age /</subfield>
			<subfield code="c">by Cory Doctorow.</subfield>
		</datafield>
		<datafield tag="246" ind1="3" ind2=" ">
			<subfield code="a">Information does not want to be free</subfield>
		</datafield>
		<datafield tag="264" ind1=" " ind2="1">
			<subfield code="a">San Francisco :</subfield>
			<subfield code="b">McSweeney's,</subfield>
			<subfield code="c">[2014]</subfield>
		</datafield>
		<datafield tag="264" ind1=" " ind2="4">
			<subfield code="c">©2014</subfield>
		</datafield>
		<datafield tag="300" ind1=" " ind2=" ">
			<subfield code="a">xxv, 162 pages ;</subfield>
			<subfield code="c">22 cm</subfield>
		</datafield>
		<datafield tag="336" ind1=" " ind2=" ">
			<subfield code="a">text</subfield>
			<subfield code="b">txt</subfield>
			<subfield code="2">rdacontent</subfield>
		</datafield>
		<datafield tag="337" ind1=" " ind2=" ">
			<subfield code="a">unmediated</subfield>
			<subfield code="b">n</subfield>
			<subfield code="2">rdamedia</subfield>
		</datafield>
		<datafield tag="338" ind1=" " ind2=" ">
			<subfield code="a">volume</subfield>
			<subfield code="b">nc</subfield>
			<subfield code="2">rdacarrier</subfield>
		</datafield>
		<datafield tag="380" ind1=" " ind2=" ">
			<subfield code="a">book</subfield>
			<subfield code="0">http://id.loc.gov/vocabulary/marcgt/boo</subfield>
			<subfield code="2">marcgt</subfield>
		</datafield>
		<datafield tag="505" ind1="0" ind2=" ">
			<subfield code="a">Forewords. Neil Gaiman -- Amanda Palmer -- Introduction: Detente -- What makes money? -- Don't quit your day job, really -- Doctorow's first law: Any time someone puts a lock on something that belongs to you and won't give you the key, that lock isn't there for your benefit -- Anti-circumvention explained -- Is this copyright protection? -- So is this copy protection? -- Digital locks always break -- Understanding general-purpose computers -- Rootkits everywhere -- Appliances -- Proto-appliances: The inkjet wars -- Worse than nothing -- Doctorow's second law: Fame won't make you rich, but you can't get paid without it. Good at spreading copies, good at spreading fame -- An audience machine -- Getting people to care about your work -- Content isn't king -- How do I get people to pay me? -- Does this mean you should ditch your investor and go indie? -- Love -- The new intermediaries -- Intermediary liability -- Notice and takedown -- So what's next? -- More intermediary liability, fewer checks and balances -- Disorganized channels are good for creators -- Freedom can be expensive, but censorship costs us the world -- Doctorow's third law: Information doesn't want to be free, people do. What the copyfight is about -- Two kinds of regulation -- Anti-tank mines and land mines -- Who's talking? -- Censorship doesn't solve problems -- The problem with cutting off access -- Copyright and human rights -- A world made of computers -- Renewability: Digital locks' sinister future -- A world of control and surveillance -- What copyright means in the information age -- Copyright: Fit for purpose -- Term extension versus samplers -- What works -- Copyright's not dead -- Every pirate wants to be an admiral -- It's different this time -- All revolutions are bloody -- Cathedrals versus the Protestant Reformation -- Three-hundred-million-dollar movies -- What is copyright for? -- Epilogue. What does the future hold?.</subfield>
		</datafield>
		<datafield tag="520" ind1=" " ind2=" ">
			<subfield code="a">Information Doesn't Want to Be Free takes on the state of copyright and creative success in the digital age. Can small artists still thrive in the Internet era? Can giant record labels avoid alienating their audiences? This is a book about the pitfalls and the opportunities that creative industries (and individuals) are confronting today -- about how the old models have failed or found new footing, and about what might soon replace them. Information Doesn't Want to Be Free offers a guide to the ways creativity and the Internet interact today, and to what might be coming next.</subfield>
		</datafield>
		<datafield tag="650" ind1=" " ind2="0">
			<subfield code="a">Copyright</subfield>
			<subfield code="z">United States</subfield>
			<subfield code="v">Popular works.</subfield>
		</datafield>
		<datafield tag="650" ind1=" " ind2="0">
			<subfield code="a">Authors and publishers</subfield>
			<subfield code="z">United States</subfield>
			<subfield code="v">Popular works.</subfield>
		</datafield>
		<datafield tag="650" ind1=" " ind2="0">
			<subfield code="a">Copyright, International</subfield>
			<subfield code="v">Popular works.</subfield>
		</datafield>
		<datafield tag="650" ind1=" " ind2="0">
			<subfield code="a">Digital rights management</subfield>
			<subfield code="v">Popular works.</subfield>
		</datafield>
		<datafield tag="650" ind1=" " ind2="7">
			<subfield code="a">Authors and publishers.</subfield>
			<subfield code="2">fast</subfield>
			<subfield code="0">(OCoLC)fst00821733</subfield>
		</datafield>
		<datafield tag="650" ind1=" " ind2="7">
			<subfield code="a">Copyright.</subfield>
			<subfield code="2">fast</subfield>
			<subfield code="0">(OCoLC)fst00878706</subfield>
		</datafield>
		<datafield tag="650" ind1=" " ind2="7">
			<subfield code="a">Copyright, International.</subfield>
			<subfield code="2">fast</subfield>
			<subfield code="0">(OCoLC)fst00878799</subfield>
		</datafield>
		<datafield tag="650" ind1=" " ind2="7">
			<subfield code="a">Digital rights management.</subfield>
			<subfield code="2">fast</subfield>
			<subfield code="0">(OCoLC)fst01893503</subfield>
		</datafield>
		<datafield tag="651" ind1=" " ind2="7">
			<subfield code="a">United States.</subfield>
			<subfield code="2">fast</subfield>
			<subfield code="0">(OCoLC)fst01204155</subfield>
		</datafield>
		<datafield tag="655" ind1=" " ind2="7">
			<subfield code="a">Popular works.</subfield>
			<subfield code="2">fast</subfield>
			<subfield code="0">(OCoLC)fst01423846</subfield>
		</datafield>
		<datafield tag="700" ind1="1" ind2=" ">
			<subfield code="a">Palmer, Amanda,</subfield>
			<subfield code="d">1976-</subfield>
			<subfield code="e">writer of preface</subfield>
			<subfield code="4">wpr</subfield>
			<subfield code="0">http://viaf.org/viaf/71213377</subfield>
		</datafield>
		<datafield tag="700" ind1="1" ind2=" ">
			<subfield code="a">Gaiman, Neil,</subfield>
			<subfield code="e">writer of preface</subfield>
			<subfield code="4">wpr</subfield>
			<subfield code="0">http://viaf.org/viaf/103859257</subfield>
		</datafield>
	</record>