
	<record>
		<leader>04924cam a2201153mi 4500</leader>
		<controlfield tag="001">s2lpnn7hqmn9n12m</controlfield>
		<controlfield tag="003">LIBRIS</controlfield>
		<controlfield tag="005">20190219141550.0</controlfield>
		<controlfield tag="008">190219r20162011nyu|||||||||||000 1|eng|d</controlfield>
		<datafield tag="020" ind1=" " ind2=" ">
			<subfield code="a">9780062689740</subfield>
			<subfield code="q">(softcover)</subfield>
		</datafield>
		<datafield tag="041" ind1=" " ind2=" ">
			<subfield code="a">eng</subfield>
		</datafield>
		<datafield tag="100" ind1="1" ind2=" ">
			<subfield code="a">Gaiman, Neil</subfield>
			<subfield code="4">aut</subfield>
			<subfield code="0">http://viaf.org/viaf/103859257</subfield>
		</datafield>
		<datafield tag="240" ind1=" " ind2=" ">
			<subfield code="a">American gods</subfield>
			<subfield code="0">http://viaf.org/viaf/195678676</subfield>
		</datafield>
		<datafield tag="245" ind1="1" ind2="0">
			<subfield code="a">American gods /</subfield>
			<subfield code="c">by Neil Gaiman</subfield>
		</datafield>
		<datafield tag="250" ind1=" " ind2=" ">
			<subfield code="a">The tenth anniversary edition (author's preferred text).</subfield>
		</datafield>
		<datafield tag="264" ind1=" " ind2="1">
			<subfield code="a">New York, NY :</subfield>
			<subfield code="b">William Morrow, an imprint of HarperCollinsPublishers,</subfield>
			<subfield code="c">2017</subfield>
		</datafield>
		<datafield tag="264" ind1=" " ind2="4">
			<subfield code="c">♭2011</subfield>
		</datafield>
		<datafield tag="300" ind1=" " ind2=" ">
			<subfield code="a">xiv, 541 pages</subfield>
			<subfield code="c">21 cm</subfield>
		</datafield>
		<datafield tag="336" ind1=" " ind2=" ">
			<subfield code="a">text</subfield>
			<subfield code="b">txt</subfield>
			<subfield code="2">rdacontent</subfield>
		</datafield>
		<datafield tag="337" ind1=" " ind2=" ">
			<subfield code="a">unmediated</subfield>
			<subfield code="b">n</subfield>
			<subfield code="2">rdamedia</subfield>
		</datafield>
		<datafield tag="338" ind1=" " ind2=" ">
			<subfield code="a">volume</subfield>
			<subfield code="b">nc</subfield>
			<subfield code="2">rdacarrier</subfield>
		</datafield>
		<datafield tag="380" ind1=" " ind2=" ">
			<subfield code="a">novel</subfield>
			<subfield code="0">http://id.loc.gov/vocabulary/marcgt/nov</subfield>
			<subfield code="2">marcgt</subfield>
		</datafield>
		<datafield tag="340" ind1=" " ind2=" ">
			<subfield code="b">21 cm</subfield>
		</datafield>
		<datafield tag="500" ind1=" " ind2=" ">
			<subfield code="a">Originally published ♭2001. Tenth anniversay edition (author's preferred text) copyright ♭2011.</subfield>
		</datafield>
		<datafield tag="586" ind1=" " ind2=" ">
			<subfield code="a">Winner of thr Hugo and Nebula Awards for best novel.</subfield>
		</datafield>
		<datafield tag="650" ind1=" " ind2="0">
			<subfield code="a">National characteristics, American</subfield>
			<subfield code="v">Fiction.</subfield>
		</datafield>
		<datafield tag="650" ind1=" " ind2="0">
			<subfield code="a">Spiritual warfare</subfield>
			<subfield code="v">Fiction.</subfield>
		</datafield>
		<datafield tag="650" ind1=" " ind2="0">
			<subfield code="a">Ex-convicts</subfield>
			<subfield code="v">Fiction.</subfield>
		</datafield>
		<datafield tag="650" ind1=" " ind2="0">
			<subfield code="a">Bodyguards</subfield>
			<subfield code="v">Fiction.</subfield>
		</datafield>
		<datafield tag="650" ind1=" " ind2="0">
			<subfield code="a">Widowers</subfield>
			<subfield code="v">Fiction.</subfield>
		</datafield>
		<datafield tag="650" ind1=" " ind2="7">
			<subfield code="a">Bodyguards.</subfield>
			<subfield code="2">fast</subfield>
		</datafield>
		<datafield tag="650" ind1=" " ind2="7">
			<subfield code="a">Ex-convicts.</subfield>
			<subfield code="2">fast</subfield>
		</datafield>
		<datafield tag="650" ind1=" " ind2="0">
			<subfield code="a">Criminals</subfield>
		</datafield>
		<datafield tag="650" ind1=" " ind2="0">
			<subfield code="a">Bodyguards</subfield>
		</datafield>
		<datafield tag="650" ind1=" " ind2="0">
			<subfield code="a">Unemployment</subfield>
		</datafield>
		<datafield tag="651" ind1=" " ind2="4">
			<subfield code="a">Förenta staterna</subfield>
			<subfield code="0">https://libris.kb.se/xv8b9vvg52nbbxp#it</subfield>
		</datafield>
		<datafield tag="655" ind1=" " ind2="7">
			<subfield code="a">Fantasy</subfield>
			<subfield code="0">https://id.kb.se/term/saogf/Fantasy</subfield>
			<subfield code="2">saogf</subfield>
		</datafield>
		<datafield tag="655" ind1=" " ind2="7">
			<subfield code="a">Romaner</subfield>
			<subfield code="0">https://id.kb.se/term/saogf/Romaner</subfield>
			<subfield code="2">saogf</subfield>
		</datafield>
		<datafield tag="655" ind1=" " ind2="7">
			<subfield code="a">Fantasy fiction.</subfield>
			<subfield code="2">fast</subfield>
		</datafield>
	</record>