
	<record>
		<leader>04229cam a22006977i 4500</leader>
		<controlfield tag="001">js86r0rngtjq8bfc</controlfield>
		<controlfield tag="003">LIBRIS</controlfield>
		<controlfield tag="005">20190131133850.0</controlfield>
		<controlfield tag="008">190131s2008    nyu|||||||||||000 1|eng|d</controlfield>
		<datafield tag="020" ind1=" " ind2=" ">
			<subfield code="a">9780062564337</subfield>
		</datafield>
		<datafield tag="041" ind1=" " ind2=" ">
			<subfield code="a">eng</subfield>
		</datafield>
		<datafield tag="100" ind1="1" ind2=" ">
			<subfield code="a">Gaiman, Neil</subfield>
			<subfield code="4">aut</subfield>
			<subfield code="0">http://viaf.org/viaf/103859257</subfield>
		</datafield>
		<datafield tag="240" ind1=" " ind2=" ">
			<subfield code="a">Anansi boys</subfield>
			<subfield code="0">http://viaf.org/viaf/310504431</subfield>
		</datafield>
		<datafield tag="245" ind1="1" ind2="0">
			<subfield code="a">Anansi boys /</subfield>
			<subfield code="c">by Neil Gaiman.</subfield>
		</datafield>
		<datafield tag="250" ind1=" " ind2=" ">
			<subfield code="a">First Harper Perennial edition.</subfield>
		</datafield>
		<datafield tag="264" ind1=" " ind2="1">
			<subfield code="a">New York :</subfield>
			<subfield code="b">Harper Perennial,</subfield>
			<subfield code="c">2008</subfield>
		</datafield>
		<datafield tag="300" ind1=" " ind2=" ">
			<subfield code="a">336, 18 pages</subfield>
			<subfield code="b">illustrations</subfield>
			<subfield code="c">21-24 cm.</subfield>
		</datafield>
		<datafield tag="336" ind1=" " ind2=" ">
			<subfield code="a">text</subfield>
			<subfield code="b">txt</subfield>
			<subfield code="2">rdacontent.</subfield>
		</datafield>
		<datafield tag="337" ind1=" " ind2=" ">
			<subfield code="a">unmediated</subfield>
			<subfield code="b">n</subfield>
			<subfield code="2">rdamedia.</subfield>
		</datafield>
		<datafield tag="338" ind1=" " ind2=" ">
			<subfield code="a">volume</subfield>
			<subfield code="b">nc</subfield>
			<subfield code="2">rdacarrier.</subfield>
		</datafield>
		<datafield tag="380" ind1=" " ind2=" ">
			<subfield code="a">novel</subfield>
			<subfield code="0">http://id.loc.gov/vocabulary/marcgt/nov</subfield>
			<subfield code="2">marcgt</subfield>
		</datafield>
		<datafield tag="340" ind1=" " ind2=" ">
			<subfield code="b">21-24 cm.</subfield>
		</datafield>
		<datafield tag="500" ind1=" " ind2=" ">
			<subfield code="a">"P.S. insights, interviews &amp; more--"--Cover.</subfield>
		</datafield>
		<datafield tag="505" ind1="8" ind2=" ">
			<subfield code="a">Chapter I: Which is mostly about names and family relationships -- Chapter 2: Which is mostly about the things that happen after funerals -- Chapter 3: In which there is a family reunion -- Chapter 4: Which concludes with an evening of wine, women and song -- Chapter 5: In which we examine the many consequences of the morning after -- Chapter 6: In which Fat Charlie fails to get home, even by taxi -- Chapter 7: In which Fat Charlie goes a long way -- Chapter 8: In which a pot of coffee comes in particularly useful -- Chapter 9: In which Fat Charlie answers the door and spider encounters flamingos -- Chapter 10: In which Fat Charlie sees the world and Maeve Livingstone is dissatisfied -- Chapter 11: In which Rosie learns to say not to strangers and Fat Charlie acquires a lime -- Chapter 12: In which Fat Charlie does several things for the first time -- Chapter 13: Which proves to be unlucky for some -- Chapter 14: Which comes to several conclusions.</subfield>
		</datafield>
		<datafield tag="520" ind1=" " ind2=" ">
			<subfield code="a">Charlie "Fat Charlie" Nancy, lives in London and learns of his estranged father's death in Florida. While attending the funeral, Charlie discovers his father left behind some surprises: Charlie has an unknown brother, Spider, and his father was an African trickster god. Spider shows up in Charlie's life and creates havoc. Spider steals Charlie's fiance and gets Charlie fired, charged with embezzlement, and accused of murder. To return his life to normal, Charlie resorts to using magic.</subfield>
		</datafield>
		<datafield tag="650" ind1=" " ind2="7">
			<subfield code="a">Brd̲er</subfield>
			<subfield code="0">https://id.kb.se/term/sao/Br%C3%B6der</subfield>
			<subfield code="2">sao</subfield>
		</datafield>
		<datafield tag="650" ind1=" " ind2="7">
			<subfield code="a">Far och son</subfield>
			<subfield code="0">https://id.kb.se/term/barn/Far%20och%20son</subfield>
			<subfield code="2">barn</subfield>
		</datafield>
		<datafield tag="650" ind1=" " ind2="0">
			<subfield code="a">Anansi (Legendary character)</subfield>
			<subfield code="v">Fiction.</subfield>
			<subfield code="0">https://www.wikidata.org/wiki/Q485953</subfield>
		</datafield>
		<datafield tag="650" ind1=" " ind2="0">
			<subfield code="a">Fathers and sons</subfield>
			<subfield code="v">Fiction.</subfield>
		</datafield>
		<datafield tag="650" ind1=" " ind2="0">
			<subfield code="a">Brothers</subfield>
			<subfield code="v">Fiction.</subfield>
		</datafield>
		<datafield tag="650" ind1=" " ind2="0">
			<subfield code="a">Brothers</subfield>
		</datafield>
		<datafield tag="655" ind1=" " ind2="7">
			<subfield code="a">Äventyrsskildringar</subfield>
			<subfield code="0">https://id.kb.se/term/saogf/%C3%84ventyrsskildringar</subfield>
			<subfield code="2">saogf</subfield>
		</datafield>
		<datafield tag="655" ind1=" " ind2="7">
			<subfield code="a">Urban fantasy</subfield>
			<subfield code="0">https://id.kb.se/term/saogf/Urban%20fantasy</subfield>
			<subfield code="2">saogf</subfield>
		</datafield>
		<datafield tag="655" ind1=" " ind2="7">
			<subfield code="a">Fantasy</subfield>
			<subfield code="0">https://id.kb.se/term/saogf/Fantasy</subfield>
			<subfield code="2">saogf</subfield>
		</datafield>
		<datafield tag="655" ind1=" " ind2="7">
			<subfield code="a">Action and adventure fiction.</subfield>
			<subfield code="2">lcgft.</subfield>
		</datafield>
		<datafield tag="655" ind1=" " ind2="7">
			<subfield code="a">Humorous fiction.</subfield>
			<subfield code="2">lcgft.</subfield>
		</datafield>
		<datafield tag="655" ind1=" " ind2="7">
			<subfield code="a">Fantasy fiction.</subfield>
			<subfield code="2">lcgft.</subfield>
		</datafield>
		<datafield tag="655" ind1=" " ind2="4">
			<subfield code="0">https://id.kb.se/marc/FictionNotFurtherSpecified</subfield>
		</datafield>
	</record>