
	<record>
		<leader>02539cam a22005053a 4500</leader>
		<controlfield tag="001">9kn568v17k0cvh9m</controlfield>
		<controlfield tag="003">LIBRIS</controlfield>
		<controlfield tag="005">20181207150407.0</controlfield>
		<controlfield tag="008">181101s2018    ir |||||||||||000 1|per|c</controlfield>
		<datafield tag="020" ind1=" " ind2=" ">
			<subfield code="a">9786008349396</subfield>
			<subfield code="q">häftad</subfield>
		</datafield>
		<datafield tag="041" ind1="1" ind2=" ">
			<subfield code="a">per</subfield>
			<subfield code="h">eng</subfield>
		</datafield>
		<datafield tag="100" ind1="1" ind2=" ">
			<subfield code="a">Gaiman, Neil</subfield>
			<subfield code="4">aut</subfield>
			<subfield code="0">http://viaf.org/viaf/103859257</subfield>
		</datafield>
		<datafield tag="240" ind1="1" ind2="0">
			<subfield code="a">Norse mythology</subfield>
			<subfield code="l">Persian</subfield>
			<subfield code="0">http://viaf.org/viaf/7519152865711404940007</subfield>
		</datafield>
		<datafield tag="245" ind1="1" ind2="0">
			<subfield code="a">Dastanha-yi kuhan-i Iskandinavi /</subfield>
			<subfield code="c">Neil Gaiman; translated by Javad Humayunpur.</subfield>
		</datafield>
		<datafield tag="264" ind1=" " ind2="1">
			<subfield code="6">880-03 ;</subfield>
			<subfield code="a">Tehran :</subfield>
			<subfield code="b">Yuban,</subfield>
			<subfield code="c">2018</subfield>
		</datafield>
		<datafield tag="300" ind1=" " ind2=" ">
			<subfield code="a">272 sidor</subfield>
			<subfield code="c">21 cm</subfield>
		</datafield>
		<datafield tag="336" ind1=" " ind2=" ">
			<subfield code="a">text</subfield>
			<subfield code="b">txt</subfield>
			<subfield code="2">rdacontent</subfield>
			<subfield code="0">http://rdaregistry.info/termList/RDAContentType/1020</subfield>
		</datafield>
		<datafield tag="337" ind1=" " ind2=" ">
			<subfield code="a">unmediated</subfield>
			<subfield code="b">n</subfield>
			<subfield code="2">rdamedia</subfield>
			<subfield code="0">http://rdaregistry.info/termList/RDAMediaType/1007</subfield>
		</datafield>
		<datafield tag="338" ind1=" " ind2=" ">
			<subfield code="a">volume</subfield>
			<subfield code="b">nc</subfield>
			<subfield code="2">rdacarrier</subfield>
			<subfield code="0">http://rdaregistry.info/termList/RDACarrierType/1001</subfield>
		</datafield>
		<datafield tag="380" ind1=" " ind2=" ">
			<subfield code="a">fiction</subfield>
			<subfield code="0">http://id.loc.gov/vocabulary/marcgt/fic</subfield>
			<subfield code="2">marcgt</subfield>
		</datafield>
		<datafield tag="340" ind1=" " ind2=" ">
			<subfield code="b">21 cm</subfield>
		</datafield>
		<datafield tag="520" ind1=" " ind2=" ">
			<subfield code="a">Norse mythology is the body of myths of the North Germanic people stemming from Norse paganism and continuing after the Christianization of Scandinavia and into the Scandinavian folklore of the modern period. The northernmost extension of Germanic mythology, Norse mythology consists of tales of various deities, beings, and heroes derived from numerous sources from both before and after the pagan period, including medieval manuscripts, archaeological representations, and folk tradition.</subfield>
		</datafield>
		<datafield tag="650" ind1=" " ind2="7">
			<subfield code="a">Fornnordisk mytologi</subfield>
			<subfield code="0">https://id.kb.se/term/sao/Fornnordisk%20mytologi</subfield>
			<subfield code="2">sao</subfield>
		</datafield>
		<datafield tag="650" ind1=" " ind2="0">
			<subfield code="a">Mythology, Norse</subfield>
		</datafield>
		<datafield tag="655" ind1=" " ind2="4">
			<subfield code="0">https://id.kb.se/marc/FictionNotFurtherSpecified</subfield>
		</datafield>
		<datafield tag="700" ind1="1" ind2=" ">
			<subfield code="a">Humayunpur, Javad</subfield>
			<subfield code="e">translator</subfield>
			<subfield code="4">trl</subfield>
			<subfield code="0">http://example.org/HumayunpurJavad</subfield>
		</datafield>
	</record>