
	<record>
		<leader>00899cam a2200265 i 4500</leader>
		<controlfield tag="001">365476</controlfield>
		<controlfield tag="005">20180212085636.0</controlfield>
		<controlfield tag="008">780228s1976    at            100 1 eng  </controlfield>
		<datafield tag="010" ind1=" " ind2=" ">
			<subfield code="a">   77379498 </subfield>
		</datafield>
		<datafield tag="020" ind1=" " ind2=" ">
			<subfield code="a">0909106010</subfield>
		</datafield>
		<datafield tag="240" ind1=" " ind2=" ">
			<subfield code="a">The Altered I : an encounter with science fiction</subfield>
			<subfield code="0">https://www.worldcat.org/title/altered-i-an-encounter-with-science-fiction/oclc/3749743</subfield>
		</datafield>
		<datafield tag="245" ind1="0" ind2="4">
			<subfield code="a">The Altered I :</subfield>
			<subfield code="b">an encounter with science fiction /</subfield>
			<subfield code="c">by Ursula K. Le Guin and others ; edited by Lee Harding.</subfield>
		</datafield>
		<datafield tag="260" ind1=" " ind2=" ">
			<subfield code="a">Melbourne :</subfield>
			<subfield code="b">Nostrilia Press,</subfield>
			<subfield code="c">1976.</subfield>
		</datafield>
		<datafield tag="300" ind1=" " ind2=" ">
			<subfield code="a">131 p. ;</subfield>
			<subfield code="c">20 cm.</subfield>
		</datafield>
		<datafield tag="336" ind1=" " ind2=" ">
			<subfield code="a">text</subfield>
			<subfield code="b">txt</subfield>
			<subfield code="2">rdacontent</subfield>
			<subfield code="0">http://rdaregistry.info/termList/RDAContentType/1020</subfield>
		</datafield>
		<datafield tag="337" ind1=" " ind2=" ">
			<subfield code="a">unmediated</subfield>
			<subfield code="b">n</subfield>
			<subfield code="2">rdamedia</subfield>
			<subfield code="0">http://rdaregistry.info/termList/RDAMediaType/1007</subfield>
		</datafield>
		<datafield tag="338" ind1=" " ind2=" ">
			<subfield code="a">volume</subfield>
			<subfield code="b">nc</subfield>
			<subfield code="2">rdacarrier</subfield>
			<subfield code="0">http://rdaregistry.info/termList/RDACarrierType/1001</subfield>
		</datafield>
		<datafield tag="380" ind1=" " ind2=" ">
			<subfield code="a">fiction</subfield> .  <!-- eller andre passende termer fra marcgt-lista -->
			<subfield code="0">http://id.loc.gov/vocabulary/marcgt/fic</subfield>
			<subfield code="2">marcgt</subfield>
		</datafield>
		<datafield tag="500" ind1=" " ind2=" ">
			<subfield code="a">Aus</subfield>
		</datafield>
		<datafield tag="650" ind1=" " ind2="0">
			<subfield code="a">Science fiction, Australian.</subfield>
		</datafield>
		<datafield tag="650" ind1=" " ind2="0">
			<subfield code="a">Science fiction, American.</subfield>
		</datafield>
		<datafield tag="650" ind1=" " ind2="0">
			<subfield code="a">Science fiction</subfield>
			<subfield code="x">Authorship</subfield>
			<subfield code="x">Congresses.</subfield>
		</datafield>
		<datafield tag="700" ind1="1" ind2=" ">
			<subfield code="a">Le Guin, Ursula K.,</subfield>
			<subfield code="d">1929-2018.</subfield>
			<subfield code="4">aui</subfield>
			<subfield code="e">writer of introduction</subfield>
		</datafield>
		<datafield tag="700" ind1="1" ind2=" ">
			<subfield code="a">Le Guin, Ursula K.,</subfield>
			<subfield code="d">1929-2018.</subfield>
			<subfield code="4">aut</subfield>
			<subfield code="e">author</subfield>
			<subfield code="0">http://viaf.org/viaf/101734435</subfield>
		</datafield>
		<datafield tag="700" ind1="1" ind2=" ">
			<subfield code="a">Harding, Lee John,</subfield>
			<subfield code="d">1937-</subfield>
			<subfield code="4">edt</subfield>
			<subfield code="e">editor</subfield>
			<subfield code="0">http://viaf.org/viaf/15296984</subfield>
		</datafield>
	</record>