
	<record>
		<leader>01804cam a22003498i 4500</leader>
		<controlfield tag="001">20745745</controlfield>
		<controlfield tag="005">20181207065754.0</controlfield>
		<controlfield tag="008">181116s2019    oru          s000 0 eng  </controlfield>
		<datafield tag="010" ind1=" " ind2=" ">
			<subfield code="a">  2018055142</subfield>
		</datafield>
		<datafield tag="020" ind1=" " ind2=" ">
			<subfield code="a">9780870719615 (original trade pbk. : alk. paper)</subfield>
		</datafield>
		<datafield tag="240" ind1=" " ind2=" ">
			<subfield code="a">Edge of awe : experiences of the Malheur-Steens country</subfield>
			<subfield code="0">https://www.worldcat.org/title/edge-of-awe-experiences-of-the-malheur-steens-country/oclc/1057376362</subfield>
		</datafield>
		<datafield tag="245" ind1="0" ind2="0">
			<subfield code="a">Edge of awe :</subfield>
			<subfield code="b">experiences of the Malheur-Steens country /</subfield>
			<subfield code="c">edited by Alan L. Contreras ; foreword by William Kittredge ; illustrations by Ursula K. Le Guin.
			</subfield>
		</datafield>
		<datafield tag="263" ind1=" " ind2=" ">
			<subfield code="a">1905</subfield>
		</datafield>
		<datafield tag="264" ind1=" " ind2="1">
			<subfield code="a">Corvallis :</subfield>
			<subfield code="b">Oregon State University Press,</subfield>
			<subfield code="c">2019.</subfield>
		</datafield>
		<datafield tag="300" ind1=" " ind2=" ">
			<subfield code="a">pages cm</subfield>
		</datafield>
		<datafield tag="336" ind1=" " ind2=" ">
			<subfield code="a">text</subfield>
			<subfield code="b">txt</subfield>
			<subfield code="2">rdacontent</subfield>
		</datafield>
		<datafield tag="337" ind1=" " ind2=" ">
			<subfield code="a">unmediated</subfield>
			<subfield code="b">n</subfield>
			<subfield code="2">rdamedia</subfield>
		</datafield>
		<datafield tag="338" ind1=" " ind2=" ">
			<subfield code="a">volume</subfield>
			<subfield code="b">nc</subfield>
			<subfield code="2">rdacarrier</subfield>
		</datafield>
		<datafield tag="380" ind1=" " ind2=" ">
			<subfield code="a">book</subfield>
			<subfield code="0">http://id.loc.gov/vocabulary/marcgt/boo</subfield>
			<subfield code="2">marcgt</subfield>
		</datafield>
		<datafield tag="520" ind1=" " ind2=" ">
			<subfield code="a">"An anthology of prose and poetry that gathers personal impressions of the Malheur-Steens country of Oregon, known for its birding opportunities, its natural beauty and remoteness, and, more recently, the 2016 armed takeover of the Malheur National Wildlife Refuge. Includes line drawings and poems by Ursula K. LeGuin"--</subfield>
			<subfield code="c">Provided by publisher.</subfield>
		</datafield>
		<datafield tag="650" ind1=" " ind2="0">
			<subfield code="a">Natural history</subfield>
			<subfield code="z">Oregon.</subfield>
		</datafield>
		<datafield tag="651" ind1=" " ind2="0">
			<subfield code="a">Malheur National Wildlife Refuge (Or.)</subfield>
		</datafield>
		<datafield tag="700" ind1="1" ind2=" ">
			<subfield code="a">Contreras, Alan,</subfield>
			<subfield code="d">1956-</subfield>
			<subfield code="e">editor</subfield>
			<subfield code="4">edt</subfield>
			<subfield code="0">http://viaf.org/viaf/107227342</subfield>
		</datafield>
		<datafield tag="700" ind1="1" ind2=" ">
			<subfield code="a">Le Guin, Ursula K.,</subfield>
			<subfield code="d">1929-2018,</subfield>
			<subfield code="4">ill</subfield>
			<subfield code="e">illustrator.</subfield>
			<subfield code="0">http://viaf.org/viaf/101734435</subfield>
		</datafield>
	</record>