
	<record>
		<leader>01509cam a22002893a 4500</leader>
		<controlfield tag="001">16398473</controlfield>
		<controlfield tag="005">20180212085645.0</controlfield>
		<controlfield tag="008">801128s1980    nyu           000 f eng d</controlfield>
		<datafield tag="010" ind1=" " ind2=" ">
			<subfield code="a">   99480353 </subfield>
		</datafield>
		http://viaf.org/viaf/5808151051829933530005
		<datafield tag="240" ind1=" " ind2=" ">
			<subfield code="a">Edges : thirteen new tales from the borderlands of the imagination</subfield>
			<subfield code="0">http://viaf.org/viaf/5808151051829933530005</subfield>
		</datafield>
		<datafield tag="245" ind1="0" ind2="0">
			<subfield code="a">Edges :</subfield>
			<subfield code="b">thirteen new tales from the borderlands of the imagination /</subfield>
			<subfield code="c">Ursula K. Le Guin, Virginia Kidd, editors.</subfield>
		</datafield>
		<datafield tag="260" ind1=" " ind2=" ">
			<subfield code="a">New York :</subfield>
			<subfield code="b">Pocket Books,</subfield>
			<subfield code="c">1980.</subfield>
		</datafield>
		<datafield tag="300" ind1=" " ind2=" ">
			<subfield code="a">239 p. ;</subfield>
			<subfield code="c">18 cm.</subfield>
		</datafield>
		<datafield tag="336" ind1=" " ind2=" ">
			<subfield code="a">text</subfield>
			<subfield code="b">txt</subfield>
			<subfield code="2">rdacontent</subfield>
		</datafield>
		<datafield tag="337" ind1=" " ind2=" ">
			<subfield code="a">unmediated</subfield>
			<subfield code="b">n</subfield>
			<subfield code="2">rdamedia</subfield>
		</datafield>
		<datafield tag="338" ind1=" " ind2=" ">
			<subfield code="a">volume</subfield>
			<subfield code="b">nc</subfield>
			<subfield code="2">rdacarrier</subfield>
		</datafield>
		<datafield tag="380" ind1=" " ind2=" ">
			<subfield code="a">fiction</subfield>
			<subfield code="0">http://id.loc.gov/vocabulary/marcgt/fic</subfield>
			<subfield code="2">marcgt</subfield>
		</datafield>
		<datafield tag="505" ind1="0" ind2=" ">
			<subfield code="a">The ballad of Bowsprit Bear's stead / Damien Broderick -- Omens / Carol Emshwiller -- Touch the earth / Scott Sanders -- The other magus / Avram Davidson -- Peek-a-boom / Sonya Dorman -- Suzanne Delage / Gene Wolfe -- The finger / Naomi Mitchison -- Barranca, king of the tree streets / Lowry Pei -- Thomas in Yahvestan / George P. Elliott -- The vengeance of Hera / Thomas M. Disch -- Falling / Raylyn Moore -- Father returns from the mountain / Luis Urrea -- The oracle / M.J. Engh.</subfield>
		</datafield>
		<datafield tag="650" ind1=" " ind2="0">
			<subfield code="a">Science fiction, American.</subfield>
		</datafield>
		<datafield tag="650" ind1=" " ind2="0">
			<subfield code="a">Science fiction, English.</subfield>
		</datafield>
		<datafield tag="655" ind1=" " ind2="7">
			<subfield code="a">Science fiction.</subfield>
			<subfield code="2">gsafd</subfield>
		</datafield>
		<datafield tag="700" ind1="1" ind2=" ">
			<subfield code="a">Le Guin, Ursula K.,</subfield>
			<subfield code="d">1929-2018</subfield>
			<subfield code="e">editor</subfield>
			<subfield code="4">edt</subfield>
			<subfield code="0">http://viaf.org/viaf/101734435</subfield>
		</datafield>
		<datafield tag="700" ind1="1" ind2=" ">
			<subfield code="a">Kidd, Virginia.</subfield>
			<subfield code="e">editor</subfield>
			<subfield code="4">edt</subfield>
			<subfield code="0">http://viaf.org/viaf/47346531</subfield>
		</datafield>
		<datafield tag="710" ind1="2" ind2=" ">
			<subfield code="a">Copyright Paperback Collection (Library of Congress)</subfield>
			<subfield code="5">DLC</subfield>
		</datafield>
	</record>