
	<record>
		<leader>01363ccm a2200301 a 4500</leader>
		<controlfield tag="001">5770338</controlfield>
		<controlfield tag="005">20180212084841.0</controlfield>
		<controlfield tag="008">961202s1993    mouuua         n    eng  </controlfield>
		<datafield tag="100" ind1="1" ind2=" ">
			<subfield code="a">Armer, Elinor.</subfield>
			<subfield code="4">cmp</subfield>
			<subfield code="0">http://viaf.org/viaf/7807757</subfield>
		</datafield>
		<datafield tag="240" ind1="1" ind2="0">
			<subfield code="a">Uses of music in Uttermost Parts.</subfield>
			<subfield code="p">Island Earth</subfield>
			<subfield code="0">http://viaf.org/viaf/178738537</subfield>
		</datafield>
		<datafield tag="245" ind1="1" ind2="0">
			<subfield code="a">Island Earth /</subfield>
			<subfield code="c">music, Elinor Armer ; text, Ursula Le Guin</subfield>
		</datafield>
		<datafield tag="260" ind1=" " ind2=" ">
			<subfield code="a">Saint Louis (10370 Page Industrial Blvd., Saint Louis, Mo. 63132) :</subfield>
			<subfield code="b">MMB Music ;</subfield>
			<subfield code="a">Albany, Calif. :</subfield>
			<subfield code="b">Overland Music Distributors,</subfield>
			<subfield code="c">[1993?]</subfield>
		</datafield>
		<datafield tag="300" ind1=" " ind2=" ">
			<subfield code="a">1 score (84 p.) ;</subfield>
			<subfield code="c">44 cm.</subfield>
		</datafield>
		<datafield tag="336" ind1=" " ind2=" ">
			<subfield code="a">notated music</subfield>
			<subfield code="b">ntm</subfield>
			<subfield code="2">rdacontent</subfield>
			<subfield code="0">http://rdaregistry.info/termList/RDAContentType/1010</subfield>
		</datafield>
		<datafield tag="337" ind1=" " ind2=" ">
			<subfield code="a">unmediated</subfield>
			<subfield code="b">n</subfield>
			<subfield code="2">rdamedia</subfield>
			<subfield code="0">http://rdaregistry.info/termList/RDAMediaType/1007</subfield>
		</datafield>
		<datafield tag="338" ind1=" " ind2=" ">
			<subfield code="a">volume</subfield>
			<subfield code="b">nc</subfield>
			<subfield code="2">rdacarrier</subfield>
			<subfield code="0">http://rdaregistry.info/termList/RDACarrierType/1001</subfield>
		</datafield>
		<datafield tag="380" ind1=" " ind2=" ">
			<subfield code="a">score</subfield>
			<subfield code="0">http://rdaregistry.info/termList/formatNoteMus</subfield>
			<subfield code="2">rdafnm</subfield>
		</datafield>
		<datafield tag="500" ind1=" " ind2=" ">
			<subfield code="a">For chorus (SATB with divisi) and orchestra.</subfield>
		</datafield>
		<datafield tag="500" ind1=" " ind2=" ">
			<subfield code="a">Publisher from label on cover, distributor information stamped on cover.</subfield>
		</datafield>
		<datafield tag="590" ind1=" " ind2=" ">
			<subfield code="a">LC copy (on cover written in pencil): Music as geology/the Earth: No. 8 (last) in the series The uses of music in uppermost [i.e. Uttermost] parts.</subfield>
		</datafield>
		<datafield tag="650" ind1=" " ind2="0">
			<subfield code="a">Choruses, Secular (Mixed voices) with orchestra</subfield>
			<subfield code="v">Scores.</subfield>
		</datafield>
		<datafield tag="700" ind1="1" ind2=" ">
			<subfield code="a">Le Guin, Ursula K.,</subfield>
			<subfield code="d">1929-2018</subfield>
			<subfield code="e">writer of accompanying material</subfield>
			<subfield code="4">wam</subfield>
			<subfield code="0">http://viaf.org/viaf/101734435</subfield>
		</datafield>
	</record>