
	<record>
		<leader>01116ccm a2200289 a 4500</leader>
		<controlfield tag="001">5791124</controlfield>
		<controlfield tag="005">20180212084825.0</controlfield>
		<controlfield tag="008">980515t19951987cauuua         n    eng  </controlfield>
		<datafield tag="035" ind1=" " ind2=" ">
			<subfield code="9">(DLC)   98703156</subfield>
		</datafield>
		<datafield tag="010" ind1=" " ind2=" ">
			<subfield code="a">   98703156 </subfield>
		</datafield>
		<datafield tag="100" ind1="1" ind2=" ">
			<subfield code="a">Armer, Elinor.</subfield>
			<subfield code="4">cmp</subfield>
			<subfield code="0">http://viaf.org/viaf/7807757</subfield>
		</datafield>
		<datafield tag="240" ind1="1" ind2="0">
			<subfield code="a">Uses of music in Uttermost Parts.</subfield>
			<subfield code="p">Seasons of Oling</subfield>
			<subfield code="0">http://viaf.org/viaf/175913471</subfield>
		</datafield>
		<datafield tag="245" ind1="1" ind2="4">
			<subfield code="a">The seasons of Oling :</subfield>
			<subfield code="b">for narrator, viola, cello, piano, percussion (one player) /</subfield>
			<subfield code="c">[music] by Elinor Armer &amp; [words] by Ursula K. Le Guin.</subfield>
		</datafield>
		<datafield tag="260" ind1=" " ind2=" ">
			<subfield code="a">Albany, Calif. :</subfield>
			<subfield code="b">Overland Music Distributors,</subfield>
			<subfield code="c">[1995], c1987.</subfield>
		</datafield>
		<datafield tag="300" ind1=" " ind2=" ">
			<subfield code="a">1 score (13 p.) ;</subfield>
			<subfield code="c">44 cm.</subfield>
		</datafield>
		<datafield tag="336" ind1=" " ind2=" ">
			<subfield code="a">notated music</subfield>
			<subfield code="b">ntm</subfield>
			<subfield code="2">rdacontent</subfield>
			<subfield code="0">http://rdaregistry.info/termList/RDAContentType/1010</subfield>
		</datafield>
		<datafield tag="337" ind1=" " ind2=" ">
			<subfield code="a">unmediated</subfield>
			<subfield code="b">n</subfield>
			<subfield code="2">rdamedia</subfield>
			<subfield code="0">http://rdaregistry.info/termList/RDAMediaType/1007</subfield>
		</datafield>
		<datafield tag="338" ind1=" " ind2=" ">
			<subfield code="a">volume</subfield>
			<subfield code="b">nc</subfield>
			<subfield code="2">rdacarrier</subfield>
			<subfield code="0">http://rdaregistry.info/termList/RDACarrierType/1001</subfield>
		</datafield>
		<datafield tag="380" ind1=" " ind2=" ">
			<subfield code="a">score</subfield>
			<subfield code="0">http://rdaregistry.info/termList/formatNoteMus</subfield>
			<subfield code="2">rdafnm</subfield>
		</datafield>
		<datafield tag="500" ind1=" " ind2=" ">
			<subfield code="a">Title from cover.</subfield>
		</datafield>
		<datafield tag="650" ind1=" " ind2="0">
			<subfield code="a">Monologues with music (Instrumental ensemble)</subfield>
			<subfield code="v">Scores.</subfield>
		</datafield>
		<datafield tag="650" ind1=" " ind2="0">
			<subfield code="a">Seasons</subfield>
			<subfield code="v">Songs and music.</subfield>
		</datafield>
		<datafield tag="600" ind1="1" ind2="0">
			<subfield code="a">Le Guin, Ursula K.,</subfield>
			<subfield code="d">1929-2018</subfield>
			<subfield code="v">Musical settings.</subfield>
		</datafield>
		<datafield tag="700" ind1="1" ind2=" ">
			<subfield code="a">Le Guin, Ursula K.,</subfield>
			<subfield code="d">1929-2018</subfield>
			<subfield code="e">writer of accompanying material</subfield>
			<subfield code="4">wam</subfield>
			<subfield code="0">http://viaf.org/viaf/101734435</subfield>
		</datafield>
	</record>