
	<record>
		<leader>04100cjm a22007211a 4500</leader>
		<controlfield tag="001">12077800</controlfield>
		<controlfield tag="005">20180212084816.0</controlfield>
		<controlfield tag="006">aab         000 0d</controlfield>
		<controlfield tag="007">sdufungnn-m-ed</controlfield>
		<controlfield tag="008">960320s1995    nyuuun   defi       eng d</controlfield>
		<datafield tag="010" ind1=" " ind2=" ">
			<subfield code="a">   99593253 </subfield>
		</datafield>
		<datafield tag="024" ind1="1" ind2=" ">
			<subfield code="a">099923733126</subfield>
		</datafield>
		<datafield tag="028" ind1="0" ind2="2">
			<subfield code="a">3-7331-2Y6x2</subfield>
			<subfield code="b">Koch International Classics</subfield>
		</datafield>
		<datafield tag="028" ind1="0" ind2="2">
			<subfield code="a">373312</subfield>
			<subfield code="b">Koch International Classics</subfield>
		</datafield>
		<datafield tag="035" ind1=" " ind2=" ">
			<subfield code="a">(OCoLC)ocm34421899</subfield>
		</datafield>
		<datafield tag="050" ind1="0" ind2="0">
			<subfield code="a">SDA 75148</subfield>
		</datafield>
		<datafield tag="100" ind1="1" ind2=" ">
			<subfield code="a">Armer, Elinor.</subfield>
			<subfield code="4">cmp</subfield>
			<subfield code="0">http://viaf.org/viaf/7807757</subfield>
		</datafield>
		<datafield tag="245" ind1="1" ind2="4">
			<subfield code="a">The uses of music in uttermost parts</subfield>
			<subfield code="h">[sound recording] /</subfield>
			<subfield code="c">music by Elinor Armer ; text by Ursula K. Le Guin.</subfield>
		</datafield>
		<datafield tag="260" ind1=" " ind2=" ">
			<subfield code="a">Port Washington, N.Y. :</subfield>
			<subfield code="b">Koch International,</subfield>
			<subfield code="c">p1995.</subfield>
		</datafield>
		<datafield tag="300" ind1=" " ind2=" ">
			<subfield code="a">2 sound discs :</subfield>
			<subfield code="b">digital ;</subfield>
			<subfield code="c">4 3/4 in.</subfield>
		</datafield>
		<datafield tag="336" ind1=" " ind2=" ">
			<subfield code="a">performed music</subfield>
			<subfield code="b">prm</subfield>
			<subfield code="2">rdacontent</subfield>
			<subfield code="0">http://rdaregistry.info/termList/RDAContentType/1011</subfield>
		</datafield>
		<datafield tag="337" ind1=" " ind2=" ">
			<subfield code="a">audio</subfield>
			<subfield code="b">s</subfield>
			<subfield code="2">rdamedia</subfield>
			<subfield code="0">http://rdaregistry.info/termList/RDAMediaType/1001</subfield>
		</datafield>
		<datafield tag="338" ind1=" " ind2=" ">
			<subfield code="a">computer disc</subfield>
			<subfield code="b">nc</subfield>
			<subfield code="2">rdacarrier</subfield>
			<subfield code="0">http://rdaregistry.info/termList/RDACarrierType/1013</subfield>
		</datafield>
		<datafield tag="380" ind1=" " ind2=" ">
			<subfield code="a">sound</subfield>
			<subfield code="0">http://id.loc.gov/vocabulary/marcgt/sou</subfield>
			<subfield code="2">marcgt</subfield>
		</datafield>
		<datafield tag="500" ind1=" " ind2=" ">
			<subfield code="a">The 1st piece for orchestra; 2nd for girls' chorus; 3rd for viola, violoncello, piano, percussion, and narrator; 4th for soprano, chamber chorus, and percussion; 5th for oboe, clarinet, violoncello, bass, and narrator; 6th for guitar, harp and percussion; 7th for narrator; 8th for chorus (boys' and mixed) and orchestra.</subfield>
		</datafield>
		<datafield tag="500" ind1=" " ind2=" ">
			<subfield code="a">Compact discs.</subfield>
		</datafield>
		<datafield tag="500" ind1=" " ind2=" ">
			<subfield code="a">Program notes by Ursula K. Le Guin and texts of the vocal portions ([28] p. : ill., map) laid in container.</subfield>
		</datafield>
		<datafield tag="505" ind1="0" ind2=" ">
			<subfield code="a">The great instrument of the Geggerets (14:35) -- Anithaca (12:49) -- The seasons of Oling (13:08) -- Eating with the Hoi (14:42) -- Open and shut (14:16) -- Sailing among the pheromones (9:29) -- On the Antoriental shores (0:39) -- Island Earth (18:29).</subfield>
		</datafield>
		<datafield tag="511" ind1="0" ind2=" ">
			<subfield code="a">Women's Philharmonic, JoAnn Falletta, conductor (1st and 8th pieces) ; Elinor Armer, narrator (1st) ; Ursula K. LeGuin, narrator (1st, 3rd, 5th, 7th) ; San Francisco Girls Chorus, Elizabeth Appling, conductor (2nd) ; Don Ehrlich, viola, Bonnie Hampton, violoncello, Lois Brandwynne, piano (3rd) ; David Dieni, percussion (3rd-4th) ; Marilyn Taylor, soprano, University of California-Berkeley Chamber Chorus, Marika Kuzma, conductor (4th); Laura Reynolds Chrisp, oboe, James Freeman, clarinet, Anna Presler, violin, Jason McComb, violoncello, Mikael Jacobson, double bass, J. Karla Lemon, conductor (5th) ; Larry Ferrara, guitar, Michael Rado, harp, Luis Gutierrez, percussion (6th) ; San Francisco Chamber Singers, San Francisco Boys Chorus (8th).</subfield>
		</datafield>
		<datafield tag="520" ind1=" " ind2=" ">
			<subfield code="a">An "expedition" to a fantasy world to explore extraordinary uses of music.</subfield>
		</datafield>
		<datafield tag="546" ind1=" " ind2=" ">
			<subfield code="a">Vocal portions sung or spoken principally in English.</subfield>
		</datafield>
		<datafield tag="650" ind1=" " ind2="0">
			<subfield code="a">Monologues with music (Orchestra)</subfield>
		</datafield>
		<datafield tag="650" ind1=" " ind2="0">
			<subfield code="a">Monologues with music (Instrumental ensemble)</subfield>
		</datafield>
		<datafield tag="650" ind1=" " ind2="0">
			<subfield code="a">Choruses, Secular (Children's voices)</subfield>
		</datafield>
		<datafield tag="650" ind1=" " ind2="0">
			<subfield code="a">Choruses, Secular (Mixed voices) with percussion.</subfield>
		</datafield>
		<datafield tag="650" ind1=" " ind2="0">
			<subfield code="a">Choruses, Secular (Mixed voices) with orchestra.</subfield>
		</datafield>
		<datafield tag="650" ind1=" " ind2="0">
			<subfield code="a">Trios (Guitar, harp, percussion)</subfield>
		</datafield>
		<datafield tag="700" ind1="1" ind2=" ">
			<subfield code="a">Le Guin, Ursula K.,</subfield>
			<subfield code="d">1929-2018.</subfield>
			<subfield code="e">Narrator</subfield>
			<subfield code="4">nrt</subfield>
			<subfield code="0">http://viaf.org/viaf/101734435</subfield>
		</datafield>
	</record>