
	<record>
		<leader>03450cam a22007817  4500</leader>
		<controlfield tag="001">w5mgw5qmtnxpf2pb</controlfield>
		<controlfield tag="003">LIBRIS</controlfield>
		<controlfield tag="005">20190130155254.0</controlfield>
		<controlfield tag="008">190130r20121970nyua|||d||||||000 1|eng|d</controlfield>
		<datafield tag="020" ind1=" " ind2=" ">
			<subfield code="a">9781442459915</subfield>
		</datafield>
		<datafield tag="020" ind1=" " ind2=" ">
			<subfield code="a">1442459913</subfield>
		</datafield>
		<datafield tag="040" ind1=" " ind2=" ">
			<subfield code="a">Gbg</subfield>
			<subfield code="b">eng</subfield>
			<subfield code="c">KK5</subfield>
		</datafield>
		<datafield tag="041" ind1=" " ind2=" ">
			<subfield code="a">eng</subfield>
		</datafield>
		<datafield tag="100" ind1="1" ind2=" ">
			<subfield code="a">Le Guin, Ursula K.</subfield>
			<subfield code="4">aut</subfield>
			<subfield code="0">http://viaf.org/viaf/101734435</subfield>
		</datafield>
		<datafield tag="240" ind1=" " ind2=" ">
			<subfield code="a">The tombs of Atuan</subfield>
			<subfield code="0">http://viaf.org/viaf/176195137</subfield>
		</datafield>
		<datafield tag="245" ind1="1" ind2="4">
			<subfield code="a">The tombs of Atuan</subfield>
			<subfield code="c">Ursula K. Le Guin. Illustrated by Gail Garraty.</subfield>
		</datafield>
		<datafield tag="250" ind1=" " ind2=" ">
			<subfield code="a">First Atheneum books for Young Readers paperback edition.</subfield>
		</datafield>
		<datafield tag="264" ind1=" " ind2="1">
			<subfield code="a">New York :</subfield>
			<subfield code="b">Atheneum,</subfield>
			<subfield code="c">2012</subfield>
		</datafield>
		<datafield tag="300" ind1=" " ind2=" ">
			<subfield code="a">xvi, 187 pages</subfield>
			<subfield code="b">illustrations.</subfield>
		</datafield>
		<datafield tag="336" ind1=" " ind2=" ">
			<subfield code="a">text</subfield>
			<subfield code="b">txt</subfield>
			<subfield code="2">rdacontent</subfield>
		</datafield>
		<datafield tag="337" ind1=" " ind2=" ">
			<subfield code="a">unmediated</subfield>
			<subfield code="b">n</subfield>
			<subfield code="2">rdamedia</subfield>
		</datafield>
		<datafield tag="338" ind1=" " ind2=" ">
			<subfield code="a">volume</subfield>
			<subfield code="b">nc</subfield>
			<subfield code="2">rdacarrier</subfield>
		</datafield>
		<datafield tag="380" ind1=" " ind2=" ">
			<subfield code="a">novel</subfield>
			<subfield code="0">http://id.loc.gov/vocabulary/marcgt/nov</subfield>
			<subfield code="2">marcgt</subfield>
		</datafield>
		<datafield tag="490" ind1="0" ind2=" ">
			<subfield code="a">Earthsea cycle</subfield>
			<subfield code="v">bk. 2</subfield>
		</datafield>
		<datafield tag="520" ind1=" " ind2=" ">
			<subfield code="a">Arha's isolated existence as high priestess in the tombs of Atuan is jarred by a thief who seeks a special treasure.</subfield>
		</datafield>
		<datafield tag="650" ind1=" " ind2="7">
			<subfield code="a">Präster</subfield>
			<subfield code="0">https://id.kb.se/term/barn/Pr%C3%A4ster</subfield>
			<subfield code="2">barn</subfield>
		</datafield>
		<datafield tag="650" ind1=" " ind2="7">
			<subfield code="a">Tjuvar</subfield>
			<subfield code="0">https://id.kb.se/term/barn/Tjuvar</subfield>
			<subfield code="2">barn</subfield>
		</datafield>
		<datafield tag="650" ind1=" " ind2="7">
			<subfield code="a">Trollkarlar</subfield>
			<subfield code="0">https://id.kb.se/term/barn/Trollkarlar</subfield>
			<subfield code="2">barn</subfield>
		</datafield>
		<datafield tag="650" ind1=" " ind2="0">
			<subfield code="a">Fantasy fiction.</subfield>
		</datafield>
		<datafield tag="650" ind1=" " ind2="0">
			<subfield code="a">Women priests</subfield>
			<subfield code="v">Juvenile fiction.</subfield>
		</datafield>
		<datafield tag="650" ind1=" " ind2="0">
			<subfield code="a">Thieves</subfield>
			<subfield code="v">Juvenile fiction.</subfield>
		</datafield>
		<datafield tag="650" ind1=" " ind2="0">
			<subfield code="a">Wizards</subfield>
			<subfield code="v">Juvenile fiction.</subfield>
		</datafield>
		<datafield tag="655" ind1=" " ind2="7">
			<subfield code="a">Fantasy</subfield>
			<subfield code="0">https://id.kb.se/term/barngf/Fantasy</subfield>
			<subfield code="2">barngf</subfield>
		</datafield>
		<datafield tag="655" ind1=" " ind2="7">
			<subfield code="a">Ungdomsbc̲ker</subfield>
			<subfield code="0">https://id.kb.se/term/barngf/Ungdomsb%C3%B6cker</subfield>
			<subfield code="2">barngf</subfield>
		</datafield>
		<datafield tag="655" ind1=" " ind2="7">
			<subfield code="a">Barn- och ungdomslitteratur</subfield>
			<subfield code="0">https://id.kb.se/term/barngf/Barn-%20och%20ungdomslitteratur</subfield>
			<subfield code="2">barngf</subfield>
		</datafield>
		<datafield tag="655" ind1=" " ind2="4">
			<subfield code="0">https://id.kb.se/marc/FictionNotFurtherSpecified</subfield>
		</datafield>
		<datafield tag="700" ind1="1" ind2=" ">
			<subfield code="a">Garraty, Gail</subfield>
			<subfield code="e">illustrator.</subfield>
			<subfield code="4">ill</subfield>
			<subfield code="0">http://viaf.org/viaf/33533690</subfield>
		</datafield>
		<datafield tag="800" ind1="1" ind2=" ">
			<subfield code="a">Ursula K. Le Guin</subfield>
			<subfield code="t">Earthsea cycle</subfield>
			<subfield code="v">2</subfield>
			<subfield code="0">http://viaf.org/viaf/174067400</subfield>
		</datafield>
	</record>