
	<record>
		<leader>03408cam a22006377a 4500</leader>
		<controlfield tag="001">v4lfw72jsllnh17v</controlfield>
		<controlfield tag="003">LIBRIS</controlfield>
		<controlfield tag="005">20190130160128.0</controlfield>
		<controlfield tag="008">190130s2012    nyu||||j||||||000 1|eng|d</controlfield>
		<datafield tag="020" ind1=" " ind2=" ">
			<subfield code="a">9781442459922</subfield>
		</datafield>
		<datafield tag="020" ind1=" " ind2=" ">
			<subfield code="a">1442459921</subfield>
		</datafield>
		<datafield tag="020" ind1=" " ind2=" ">
			<subfield code="a">144245993X</subfield>
		</datafield>
		<datafield tag="020" ind1=" " ind2=" ">
			<subfield code="a">9781442459939</subfield>
		</datafield>
		<datafield tag="040" ind1=" " ind2=" ">
			<subfield code="a">Gbg</subfield>
			<subfield code="b">eng</subfield>
			<subfield code="c">MCT</subfield>
			<subfield code="e">a</subfield>
		</datafield>
		<datafield tag="041" ind1=" " ind2=" ">
			<subfield code="a">eng</subfield>
		</datafield>
		<datafield tag="100" ind1="1" ind2=" ">
			<subfield code="a">Le Guin, Ursula K.</subfield>
			<subfield code="4">aut</subfield>
			<subfield code="0">http://viaf.org/viaf/101734435</subfield>
		</datafield>
		<datafield tag="240" ind1=" " ind2=" ">
			<subfield code="a">The Farthest Shore</subfield>
			<subfield code="0">http://viaf.org/viaf/175675322</subfield>
		</datafield>
		<datafield tag="245" ind1="1" ind2="0">
			<subfield code="a">The Farthest Shore</subfield>
			<subfield code="c">Ursula K. Le Guin.</subfield>
		</datafield>
		<datafield tag="246" ind1="3" ind2="0">
			<subfield code="a">The Farthest shore</subfield>
		</datafield>
		<datafield tag="250" ind1=" " ind2=" ">
			<subfield code="a">Atheneum books for Young Readers hardcover ed.</subfield>
		</datafield>
		<datafield tag="264" ind1=" " ind2="1">
			<subfield code="a">New York :</subfield>
			<subfield code="b">Atheneum Books for Young Readers,</subfield>
			<subfield code="c">2012</subfield>
		</datafield>
		<datafield tag="300" ind1=" " ind2=" ">
			<subfield code="a">259 pages</subfield>
			<subfield code="c">22 cm.</subfield>
		</datafield>
		<datafield tag="336" ind1=" " ind2=" ">
			<subfield code="a">text</subfield>
			<subfield code="b">txt</subfield>
			<subfield code="2">rdacontent</subfield>
		</datafield>
		<datafield tag="337" ind1=" " ind2=" ">
			<subfield code="a">unmediated</subfield>
			<subfield code="b">n</subfield>
			<subfield code="2">rdamedia</subfield>
		</datafield>
		<datafield tag="338" ind1=" " ind2=" ">
			<subfield code="a">volume</subfield>
			<subfield code="b">nc</subfield>
			<subfield code="2">rdacarrier</subfield>
		</datafield>
		<datafield tag="380" ind1=" " ind2=" ">
			<subfield code="a">novel</subfield>
			<subfield code="0">http://id.loc.gov/vocabulary/marcgt/nov</subfield>
			<subfield code="2">marcgt</subfield>
		</datafield>
		<datafield tag="340" ind1=" " ind2=" ">
			<subfield code="b">22 cm.</subfield>
		</datafield>
		<datafield tag="490" ind1="1" ind2=" ">
			<subfield code="a">Earthsea cycle</subfield>
			<subfield code="v">Bk. 3</subfield>
		</datafield>
		<datafield tag="500" ind1=" " ind2=" ">
			<subfield code="a">"National Book Award winner."</subfield>
		</datafield>
		<datafield tag="505" ind1="8" ind2=" ">
			<subfield code="a">Rowan tree -- Masters of Roke -- Hort town -- Magelight -- Sea dreams -- Lorbanery -- Madman -- Children of the open sea -- Orm Embar -- Dragons' run -- Selidor -- Dry land -- Stone of pain.</subfield>
		</datafield>
		<datafield tag="520" ind1=" " ind2=" ">
			<subfield code="a">A young prince joins forces with a master wizard on a journey to discover a cause and remedy for the loss of magic in Earthsea. Darkness Threatens to overtake Earthsea. As the world and its wizards are losing their magic, Ged -- powerful Archmage, wizard, and dragonlord -- embarks on a sailing journey with highborn young prince, Arren. They travel far beyond the realm of death to discover the cause of these evil disturbances and to restore magic to a land desperately thirsty for it.</subfield>
		</datafield>
		<datafield tag="599" ind1=" " ind2=" ">
			<subfield code="a">Imported from: zcat.oclc.org:210/OLUCWorldCat (Do not remove)</subfield>
		</datafield>
		<datafield tag="650" ind1=" " ind2="7">
			<subfield code="a">Magi</subfield>
			<subfield code="0">https://id.kb.se/term/barn/Magi</subfield>
			<subfield code="2">barn</subfield>
		</datafield>
		<datafield tag="650" ind1=" " ind2="7">
			<subfield code="a">Trollkarlar</subfield>
			<subfield code="0">https://id.kb.se/term/barn/Trollkarlar</subfield>
			<subfield code="2">barn</subfield>
		</datafield>
		<datafield tag="650" ind1=" " ind2="0">
			<subfield code="a">Magic</subfield>
			<subfield code="v">Juvenile fiction.</subfield>
		</datafield>
		<datafield tag="650" ind1=" " ind2="7">
			<subfield code="a">Magic.</subfield>
			<subfield code="2">fast</subfield>
		</datafield>
		<datafield tag="655" ind1=" " ind2="7">
			<subfield code="a">Fantasy</subfield>
			<subfield code="0">https://id.kb.se/term/barngf/Fantasy</subfield>
			<subfield code="2">barngf</subfield>
		</datafield>
		<datafield tag="655" ind1=" " ind2="7">
			<subfield code="a">Ungdomsbc̲ker</subfield>
			<subfield code="0">https://id.kb.se/term/barngf/Ungdomsb%C3%B6cker</subfield>
			<subfield code="2">barngf</subfield>
		</datafield>
		<datafield tag="655" ind1=" " ind2="7">
			<subfield code="a">Barn- och ungdomslitteratur</subfield>
			<subfield code="0">https://id.kb.se/term/barngf/Barn-%20och%20ungdomslitteratur</subfield>
			<subfield code="2">barngf</subfield>
		</datafield>
		<datafield tag="655" ind1=" " ind2="7">
			<subfield code="a">Fiction.</subfield>
			<subfield code="2">fast</subfield>
		</datafield>
		<datafield tag="655" ind1=" " ind2="7">
			<subfield code="a">Juvenile works.</subfield>
			<subfield code="2">fast</subfield>
		</datafield>
		<datafield tag="655" ind1=" " ind2="7">
			<subfield code="a">Fantasy fiction.</subfield>
			<subfield code="2">gsafd</subfield>
		</datafield>
		<datafield tag="655" ind1=" " ind2="4">
			<subfield code="0">https://id.kb.se/marc/FictionNotFurtherSpecified</subfield>
		</datafield>
		<datafield tag="800" ind1="1" ind2=" ">
			<subfield code="a">Ursula K. Le Guin</subfield>
			<subfield code="t">Earthsea cycle</subfield>
			<subfield code="v">3</subfield>
			<subfield code="0">http://viaf.org/viaf/174067400</subfield>
		</datafield>
	</record>