
	<record>
		<leader>03091cam a22006497a 4500</leader>
		<controlfield tag="001">dn4x9hq2brx9xl2x</controlfield>
		<controlfield tag="003">LIBRIS</controlfield>
		<controlfield tag="005">20190130150516.0</controlfield>
		<controlfield tag="008">190130m19682012mauab||j||||||000 1|eng|d</controlfield>
		<datafield tag="020" ind1=" " ind2=" ">
			<subfield code="a">9780547773742</subfield>
			<subfield code="q">(pbk.)</subfield>
		</datafield>
		<datafield tag="041" ind1=" " ind2=" ">
			<subfield code="a">eng</subfield>
		</datafield>
		<datafield tag="100" ind1="1" ind2=" ">
			<subfield code="a">Le Guin, Ursula K.</subfield>
			<subfield code="4">aut</subfield>
			<subfield code="0">http://viaf.org/viaf/101734435</subfield>
		</datafield>
		<datafield tag="240" ind1=" " ind2=" ">
			<subfield code="a">Wizard of earthsea</subfield>
			<subfield code="0">http://viaf.org/viaf/174067311</subfield>
		</datafield>
		<datafield tag="245" ind1="1" ind2="2">
			<subfield code="a">A wizard of Earthsea</subfield>
			<subfield code="c">Ursula K. Le Guin.</subfield>
		</datafield>
		<datafield tag="264" ind1=" " ind2="1">
			<subfield code="a">Boston :</subfield>
			<subfield code="b">Graphia,</subfield>
			<subfield code="c">♭2012, ♭1968</subfield>
		</datafield>
		<datafield tag="300" ind1=" " ind2=" ">
			<subfield code="a">251 pages</subfield>
			<subfield code="b">illustrations, maps</subfield>
			<subfield code="c">21 cm.</subfield>
		</datafield>
		<datafield tag="336" ind1=" " ind2=" ">
			<subfield code="a">text</subfield>
			<subfield code="b">txt</subfield>
			<subfield code="2">rdacontent</subfield>
		</datafield>
		<datafield tag="337" ind1=" " ind2=" ">
			<subfield code="a">unmediated</subfield>
			<subfield code="b">n</subfield>
			<subfield code="2">rdamedia</subfield>
		</datafield>
		<datafield tag="338" ind1=" " ind2=" ">
			<subfield code="a">volume</subfield>
			<subfield code="b">nc</subfield>
			<subfield code="2">rdacarrier</subfield>
		</datafield>
		<datafield tag="380" ind1=" " ind2=" ">
			<subfield code="a">novel</subfield>
			<subfield code="0">http://id.loc.gov/vocabulary/marcgt/nov</subfield>
			<subfield code="2">marcgt</subfield>
		</datafield>
		<datafield tag="340" ind1=" " ind2=" ">
			<subfield code="b">21 cm.</subfield>
		</datafield>
		<datafield tag="490" ind1="1" ind2=" ">
			<subfield code="a">Earthsea Cycle</subfield>
			<subfield code="v">Bk. 1</subfield>
		</datafield>
		<datafield tag="520" ind1=" " ind2=" ">
			<subfield code="a">Ged was the greatest sorcerer in all Earthsea. But he was once called Sparrowhawk, a reckless youth, hungry for power and knowledge, who tampered with long-held secrets and loosed a terrible shadow upon the world. This is the tale of his testing, how he mastered the mighty words of power, tamed an ancient dragon, and crossed death's threshold to restore the balance.</subfield>
		</datafield>
		<datafield tag="650" ind1=" " ind2="7">
			<subfield code="a">Trollkarlar</subfield>
			<subfield code="0">https://id.kb.se/term/barn/Trollkarlar</subfield>
			<subfield code="2">barn</subfield>
		</datafield>
		<datafield tag="650" ind1=" " ind2="0">
			<subfield code="a">Children's stories.</subfield>
		</datafield>
		<datafield tag="655" ind1=" " ind2="7">
			<subfield code="a">Fantasy</subfield>
			<subfield code="0">https://id.kb.se/term/barngf/Fantasy</subfield>
			<subfield code="2">barngf</subfield>
		</datafield>
		<datafield tag="655" ind1=" " ind2="7">
			<subfield code="a">Barn- och ungdomslitteratur</subfield>
			<subfield code="0">https://id.kb.se/term/barngf/Barn-%20och%20ungdomslitteratur</subfield>
			<subfield code="2">barngf</subfield>
		</datafield>
		<datafield tag="655" ind1=" " ind2="7">
			<subfield code="a">Ungdomsböcker</subfield>
			<subfield code="0">https://id.kb.se/term/barngf/Ungdomsb%C3%B6cker</subfield>
			<subfield code="2">barngf</subfield>
		</datafield>
		<datafield tag="655" ind1=" " ind2="4">
			<subfield code="0">https://id.kb.se/marc/FictionNotFurtherSpecified</subfield>
		</datafield>
		<datafield tag="800" ind1="1" ind2=" ">
			<subfield code="a">Ursula K. Le Guin</subfield>
			<subfield code="t">Earthsea cycle</subfield>
			<subfield code="v">1</subfield>
			<subfield code="0">http://viaf.org/viaf/174067400</subfield>
		</datafield>
	</record>