
	<!--le guin+gaiman+pratchett=32 poster -->
<record>
    <leader>00874cam a2200265   450 </leader>
    <controlfield tag="001">FRBNF392716380000005</controlfield>
    <controlfield tag="003">http://catalogue.bnf.fr/ark:/12148/cb392716380</controlfield>
    <datafield tag="010" ind1=" " ind2=" ">
      <subfield code="b">Rel.</subfield>
    </datafield>
    <datafield tag="100" ind1="1" ind2=" ">
      <subfield code="a">C S Lewis</subfield>
      <subfield code="0">http://viaf.org/viaf/22144877</subfield>
    </datafield>
    <datafield tag="101" ind1="1" ind2=" ">
      <subfield code="a">fre</subfield>
      <subfield code="c">eng</subfield>
    </datafield>
    <datafield tag="102" ind1=" " ind2=" ">
      <subfield code="a">FR</subfield>
    </datafield>
    <datafield tag="106" ind1=" " ind2=" ">
      <subfield code="a">r</subfield>
    </datafield>
    <datafield tag="181" ind1=" " ind2="0">
      <subfield code="6">01</subfield>
      <subfield code="a">i </subfield>
      <subfield code="b">xxxe  </subfield>
    </datafield>
    <datafield tag="181" ind1=" " ind2=" ">
      <subfield code="6">02</subfield>
      <subfield code="c">txt</subfield>
      <subfield code="2">rdacontent</subfield>
    </datafield>
    <datafield tag="182" ind1=" " ind2="0">
      <subfield code="6">01</subfield>
      <subfield code="a">n</subfield>
    </datafield>
    <datafield tag="182" ind1=" " ind2=" ">
      <subfield code="6">02</subfield>
      <subfield code="c">n</subfield>
      <subfield code="2">rdamedia</subfield>
    </datafield>
    <datafield tag="240" ind1="1" ind2=" ">
      <subfield code="a">The chronicles of Narnia</subfield>
      <subfield code="0">http://viaf.org/viaf/306402015</subfield>
    </datafield>
    <datafield tag="245" ind1="1" ind2=" ">
      <subfield code="a">Narnia</subfield>
      <subfield code="b">Texte imprime</subfield>
      <subfield code="f">d'apres l'oeuvre originale de C. S. Lewis</subfield>
    </datafield>
    <datafield tag="210" ind1=" " ind2=" ">
      <subfield code="a">[Paris]</subfield>
      <subfield code="c">Gallimard jeunesse</subfield>
      <subfield code="d">2004-</subfield>
    </datafield>
    <datafield tag="215" ind1=" " ind2=" ">
      <subfield code="d">27 cm</subfield>
    </datafield>
    <datafield tag="312" ind1=" " ind2=" ">
      <subfield code="a">Autre forme de titre : Les chroniques de Narnia</subfield>
    </datafield>
    <datafield tag="336" ind1=" " ind2=" ">
            <subfield code="a">text</subfield>
            <subfield code="b">txt</subfield>
            <subfield code="0">http://rdaregistry.info/termList/RDAContentType/1020</subfield>
            <subfield code="2">rdacontent</subfield>
        </datafield>
        <datafield tag="337" ind1=" " ind2=" ">
            <subfield code="a">unmediated</subfield>
            <subfield code="0">http://rdaregistry.info/termList/RDAMediaType/1007</subfield>
            <subfield code="2">rdamedia</subfield>
        </datafield>
        <datafield tag="338" ind1=" " ind2=" ">
            <subfield code="a">volume</subfield>
            <subfield code="0">http://rdaregistry.info/termList/RDACarrierType/1001</subfield>
            <subfield code="2">rdacarrier</subfield>
        </datafield>
        <datafield tag="380" ind1=" " ind2=" ">
            <subfield code="a">novel</subfield>
            <subfield code="2">marcgt</subfield>
        </datafield>
    <datafield tag="454" ind1=" " ind2="1">
      <subfield code="t">The chronicles of Narnia</subfield>
    </datafield>
    <datafield tag="517" ind1="1" ind2=" ">
      <subfield code="a">Les chroniques de Narnia</subfield>
    </datafield>
    <datafield tag="700" ind1=" " ind2="|">
      <subfield code="3">11912889</subfield>
      <subfield code="o">ISNI0000000121235691</subfield>
      <subfield code="a">Lewis</subfield>
      <subfield code="b">Clive Staples</subfield>
      <subfield code="f">1898-1963</subfield>
      <subfield code="4">100</subfield>
      <subfield code="0">http://viaf.org/viaf/22144877</subfield>
    </datafield>
    <datafield tag="801" ind1=" " ind2="0">
      <subfield code="a">FR</subfield>
      <subfield code="b">FR-751131015</subfield>
      <subfield code="c">20041105</subfield>
      <subfield code="g">AFNOR</subfield>
      <subfield code="h">FRBNF392716380000005</subfield>
      <subfield code="2">intermrc</subfield>
    </datafield>
  </record>