
<record>
    <leader>00875nam a22002413n 450 </leader>
    <controlfield tag="001">FRBNF330788030000006</controlfield>
    <controlfield tag="003">http://catalogue.bnf.fr/ark:/12148/cb33078803d</controlfield>
    <datafield tag="039" ind1=" " ind2=" ">
      <subfield code="o">CRI</subfield>
      <subfield code="a">LX001306090107P </subfield>
    </datafield>
    <datafield tag="100" ind1="1" ind2=" ">
      <subfield code="a">C S Lewis</subfield>
      <subfield code="0">http://viaf.org/viaf/22144877</subfield>
    </datafield>
    <datafield tag="101" ind1="0" ind2=" ">
      <subfield code="a">eng</subfield>
    </datafield>
    <datafield tag="102" ind1=" " ind2=" ">
      <subfield code="a">GB</subfield>
    </datafield>
    <datafield tag="106" ind1=" " ind2=" ">
      <subfield code="a">r</subfield>
    </datafield>
    <datafield tag="181" ind1=" " ind2=" ">
      <subfield code="6">02</subfield>
      <subfield code="c">txt</subfield>
      <subfield code="2">rdacontent</subfield>
    </datafield>
    <datafield tag="182" ind1=" " ind2=" ">
      <subfield code="6">02</subfield>
      <subfield code="c">n</subfield>
      <subfield code="2">rdamedia</subfield>
    </datafield>
    <datafield tag="240" ind1="1" ind2="">
    <subfield code="a">A Grief observed</subfield>
    <subfield code="0">http://viaf.org/viaf/3115154387381430970007</subfield>
    </datafield>
    <datafield tag="245" ind1="1" ind2=" ">
      <subfield code="a">A Grief observed , by C. S. Lewis</subfield>
      <subfield code="b">Texte imprim℗e</subfield>
    </datafield>
    <datafield tag="210" ind1=" " ind2=" ">
      <subfield code="a">London</subfield>
      <subfield code="c">Faber and Faber</subfield>
      <subfield code="d">1966</subfield>
    </datafield>
    <datafield tag="215" ind1=" " ind2=" ">
      <subfield code="a">In-16 (19 cm), 60 p. [Acq. 5233-68]</subfield>
    </datafield>
    <datafield tag="336" ind1=" " ind2=" ">
            <subfield code="a">text</subfield>
            <subfield code="b">txt</subfield>
            <subfield code="0">http://rdaregistry.info/termList/RDAContentType/1020</subfield>
            <subfield code="2">rdacontent</subfield>
        </datafield>
        <datafield tag="337" ind1=" " ind2=" ">
            <subfield code="a">unmediated</subfield>
            <subfield code="0">http://rdaregistry.info/termList/RDAMediaType/1007</subfield>
            <subfield code="2">rdamedia</subfield>
        </datafield>
        <datafield tag="338" ind1=" " ind2=" ">
            <subfield code="a">volume</subfield>
            <subfield code="0">http://rdaregistry.info/termList/RDACarrierType/1001</subfield>
            <subfield code="2">rdacarrier</subfield>
        </datafield>
        <datafield tag="380" ind1=" " ind2=" ">
            <subfield code="a">novel</subfield>
            <subfield code="2">marcgt</subfield>
        </datafield>
    <datafield tag="700" ind1=" " ind2="|">
      <subfield code="3">11912889</subfield>
      <subfield code="o">ISNI0000000121235691</subfield>
      <subfield code="a">Lewis</subfield>
      <subfield code="b">Clive Staples</subfield>
      <subfield code="f">1898-1963</subfield>
      <subfield code="4">070</subfield>
      <subfield code="0">http://viaf.org/viaf/22144877</subfield>
    </datafield>
    <datafield tag="801" ind1=" " ind2="0">
      <subfield code="a">FR</subfield>
      <subfield code="b">FR-751131015</subfield>
      <subfield code="c">19970701</subfield>
      <subfield code="g">AFNOR</subfield>
      <subfield code="h">FRBNF330788030000006</subfield>
      <subfield code="2">intermrc</subfield>
    </datafield>
  </record>