
<record>
    <leader>02266cam a22004577a 4500</leader>
    <controlfield tag="001">r1fnr1hfpj08jq3r</controlfield>
    <controlfield tag="003">LIBRIS</controlfield>
    <controlfield tag="005">20190212105053.0</controlfield>
    <controlfield tag="008">190116s2015    fi ||||j||||||000 1|fin|c</controlfield>
    <datafield tag="020" ind1=" " ind2=" ">
      <subfield code="a">9789511287377</subfield>
      <subfield code="q">Pocket</subfield>
    </datafield>
    <datafield tag="035" ind1=" " ind2=" ">
      <subfield code="a">(Adlibris)9789511287377</subfield>
    </datafield>
    <datafield tag="040" ind1=" " ind2=" ">
      <subfield code="a">SEK</subfield>
      <subfield code="b">swe</subfield>
      <subfield code="d">Ssb</subfield>
      <subfield code="e">a</subfield>
    </datafield>
    <datafield tag="041" ind1=" " ind2=" ">
      <subfield code="a">fin</subfield>
      <subfield code="h">eng</subfield>
    </datafield>
    <datafield tag="082" ind1="0" ind2="4">
      <subfield code="a">894.541</subfield>
      <subfield code="2">22 (machine generated)</subfield>
    </datafield>
    <datafield tag="084" ind1=" " ind2=" ">
      <subfield code="a">Hub.01</subfield>
      <subfield code="2">kssb/8</subfield>
    </datafield>
    <datafield tag="100" ind1="1" ind2=" ">
      <subfield code="a">Lewis, C. S.</subfield>
      <subfield code="q">(Clive Staples),</subfield>
      <subfield code="d">1898-1963</subfield>
      <subfield code="4">aut</subfield>
      <subfield code="0">http://viaf.org/viaf/22144877</subfield>
    </datafield>
    <datafield tag="240" ind1="1" ind2="0">
      <subfield code="a">The voyage of the dawn treader</subfield>
      <subfield code="0">http://viaf.org/viaf/214848100</subfield>
      <subfield code="l">fin</subfield>
    </datafield>
    <datafield tag="245" ind1="1" ind2="0">
      <subfield code="a">Kaspianin matka maailman riin /</subfield>
      <subfield code="c">C. S. Lewis ; kuvittanut Pauline Baynes ; suomentanut Kyllikki Himlinen.</subfield>
    </datafield>
    <datafield tag="264" ind1=" " ind2="1">
      <subfield code="a">Helsinki :</subfield>
      <subfield code="b">Otava,</subfield>
      <subfield code="c">2015</subfield>
    </datafield>
    <datafield tag="300" ind1=" " ind2=" ">
      <subfield code="a">318 sidor</subfield>
    </datafield>
    <datafield tag="336" ind1=" " ind2=" ">
            <subfield code="a">text</subfield>
            <subfield code="b">txt</subfield>
            <subfield code="0">http://rdaregistry.info/termList/RDAContentType/1020</subfield>
            <subfield code="2">rdacontent</subfield>
        </datafield>
        <datafield tag="337" ind1=" " ind2=" ">
            <subfield code="a">unmediated</subfield>
            <subfield code="0">http://rdaregistry.info/termList/RDAMediaType/1007</subfield>
            <subfield code="2">rdamedia</subfield>
        </datafield>
        <datafield tag="338" ind1=" " ind2=" ">
            <subfield code="a">volume</subfield>
            <subfield code="0">http://rdaregistry.info/termList/RDACarrierType/1001</subfield>
            <subfield code="2">rdacarrier</subfield>
        </datafield>
        <datafield tag="380" ind1=" " ind2=" ">
            <subfield code="a">novel</subfield>
            <subfield code="2">marcgt</subfield>
        </datafield>
    <datafield tag="490" ind1="0" ind2=" ">
      <subfield code="a">Narnia</subfield>
    </datafield>
    <datafield tag="655" ind1=" " ind2="4">
      <subfield code="0">https://id.kb.se/marc/FictionNotFurtherSpecified</subfield>
    </datafield>
    <datafield tag="700" ind1="1" ind2=" ">
      <subfield code="a">Baynes, Pauline</subfield>
      <subfield code="4">ill</subfield>
      <subfield code="0">http://viaf.org/viaf/101872923</subfield>
    </datafield>
    <datafield tag="700" ind1="1" ind2=" ">
      <subfield code="a">Hm̃lĩnen, Kyllikki</subfield>
      <subfield code="4">trl</subfield>
      <subfield code="0">http://viaf.org/viaf/204805898</subfield>
    </datafield>
    <datafield tag="800" ind1="1" ind2=" ">
            <subfield code="a">Lewis, C. S.</subfield>
            <subfield code="d">1898-1963.</subfield>
            <subfield code="t">The Chronicles of Narnia.</subfield>
            <subfield code="l">eng ;</subfield>
            <subfield code="0">http://viaf.org/viaf/306402015</subfield>
        </datafield>
    <datafield tag="841" ind1=" " ind2=" ">
      <subfield code="5">Ssb</subfield>
      <subfield code="a">x  a</subfield>
      <subfield code="b">190116||0000|||||000||||||000000</subfield>
      <subfield code="e">1</subfield>
    </datafield>
    <datafield tag="852" ind1=" " ind2=" ">
      <subfield code="5">Ssb</subfield>
      <subfield code="b">Ssb</subfield>
      <subfield code="h">uHub</subfield>
    </datafield>
    <datafield tag="856" ind1="4" ind2="8">
      <subfield code="3">Omslagsbild</subfield>
      <subfield code="u">https://s1.adlibris.com/images/14774844/kaspianin-matka-maailman-aariin.jpg</subfield>
    </datafield>
    <datafield tag="887" ind1=" " ind2=" ">
      <subfield code="5">Ssb</subfield>
      <subfield code="a">{"@id":"gq4cgq67dpsh240v","modified":"2019-01-16T14:16:52.4+01:00","checksum":"36790949540"}</subfield>
      <subfield code="2">librisxl</subfield>
    </datafield>
  </record>