
<record>
    <leader>00732njm a2200205   450 </leader>
    <controlfield tag="001">FRBNF450986100000001</controlfield>
    <controlfield tag="003">http://catalogue.bnf.fr/ark:/12148/cb45098610x</controlfield>
    <datafield tag="071" ind1="0" ind2="1">
      <subfield code="b">Gallimard</subfield>
      <subfield code="a">[sans ref.]</subfield>
      <subfield code="c">boite</subfield>
    </datafield>
    <datafield tag="041" ind1="1" ind2=" ">
      <subfield code="a">fre</subfield>
      <subfield code="h">eng</subfield>
    </datafield>
    <datafield tag="100" ind1="0" ind2=" ">
      <subfield code="a">Martin, George R. R.</subfield>
      <subfield code="0">http://viaf.org/viaf/98636170</subfield>
    </datafield>
    <datafield tag="101" ind1="0" ind2=" ">
      <subfield code="a">fre</subfield>
    </datafield>
    <datafield tag="102" ind1=" " ind2=" ">
      <subfield code="a">FR</subfield>
    </datafield>
    <datafield tag="181" ind1=" " ind2=" ">
      <subfield code="6">02</subfield>
      <subfield code="c">prm</subfield>
      <subfield code="2">rdacontent</subfield>
    </datafield>
    <datafield tag="182" ind1=" " ind2=" ">
      <subfield code="6">02</subfield>
      <subfield code="c">s</subfield>
      <subfield code="2">rdamedia</subfield>
    </datafield>
        <datafield tag="240" ind1="1" ind2=" ">
      <subfield code="a">A clash of kings</subfield>
      <subfield code="0">http://viaf.org/viaf/2277147270456135700008</subfield>
      <subfield code="l">fre</subfield>
    </datafield>
    <datafield tag="245" ind1="1" ind2=" ">
      <subfield code="a">L'invincible forteresse (Le trone de fer, vol. 5)</subfield>
      <subfield code="f">George R. R. Martin</subfield>
    </datafield>
    <datafield tag="215" ind1=" " ind2=" ">
      <subfield code="a">disque compact</subfield>
      <subfield code="d">8 cm</subfield>
    </datafield>
    <datafield tag="336" ind1=" " ind2=" ">
            <subfield code="a">spoken word</subfield>
            <subfield code="0">http://rdaregistry.info/termList/RDAContentType/1013</subfield>
            <subfield code="2">rdacontent</subfield>
        </datafield>
        <datafield tag="337" ind1=" " ind2=" ">
            <subfield code="a">audio</subfield>
            <subfield code="0">http://rdaregistry.info/termList/RDAMediaType/1001</subfield>
            <subfield code="2">rdamedia</subfield>
        </datafield>
        <datafield tag="338" ind1=" " ind2=" ">
            <subfield code="a">computerdisc</subfield>
            <subfield code="0">http://rdaregistry.info/termList/RDACarrierType/1001</subfield>
            <subfield code="2">rdacarrier</subfield>
        </datafield> 
        <datafield tag="380" ind1=" " ind2=" "> 
            <subfield code="a">fiction</subfield> 
            <subfield code="0">http://id.loc.gov/vocabulary/marcgt/fic</subfield>  
            <subfield code="2">marcgt</subfield> 
        </datafield> 
    <datafield tag="716" ind1=" " ind2=" ">
      <subfield code="a">Gallimard</subfield>
    </datafield>
    <datafield tag="800" ind1="1" ind2=" ">
            <subfield code="a">Martin, George R. R.</subfield>
            <subfield code="d">1948-</subfield>
            <subfield code="t">A song of ice and fire</subfield>
            <subfield code="l">eng ;</subfield>
            <subfield code="0">http://viaf.org/viaf/258305993</subfield>
        </datafield>
    <datafield tag="801" ind1=" " ind2="0">
      <subfield code="a">FR</subfield>
      <subfield code="b">FR-751131015</subfield>
      <subfield code="c">20160812</subfield>
      <subfield code="g">AFNOR</subfield>
      <subfield code="h">FRBNF450986100000001</subfield>
      <subfield code="2">intermrc</subfield>
    </datafield>
  </record>