
<record>
    <leader>01406cam a22003498i 4500</leader>
    <controlfield tag="001">21669407</controlfield>
    <controlfield tag="003">LIBRIS</controlfield>
    <controlfield tag="005">20181003104147.0</controlfield>
    <controlfield tag="008">171009s2012    xx |||||||||||000 0|eng|d</controlfield>
    <datafield tag="020" ind1=" " ind2=" ">
      <subfield code="a">9780007466061</subfield>
      <subfield code="q">pocket</subfield>
    </datafield>
    <datafield tag="035" ind1=" " ind2=" ">
      <subfield code="a">(BOKR)9780007466061</subfield>
    </datafield>
    <datafield tag="040" ind1=" " ind2=" ">
      <subfield code="a">BOKR</subfield>
      <subfield code="e">i</subfield>
    </datafield>
    <datafield tag="041" ind1=" " ind2=" ">
      <subfield code="a">eng</subfield>
    </datafield>
    <datafield tag="100" ind1="1" ind2=" ">
      <subfield code="a">Martin, George R. R.</subfield>
      <subfield code="4">aut</subfield>
      <subfield code="0">http://viaf.org/viaf/98636170</subfield>
    </datafield>
    <datafield tag="240" ind1="1" ind2="0">
      <subfield code="a">Dance with dragons :</subfield>
      <subfield code="0">http://viaf.org/viaf/308052782</subfield>
      </datafield>
    <datafield tag="245" ind1="1" ind2="0">
      <subfield code="a">Dance with dragons :</subfield>
      <subfield code="b">part 1 dreams and dust</subfield>
    </datafield>
    <datafield tag="263" ind1=" " ind2=" ">
      <subfield code="a">201203</subfield>
    </datafield>
    <datafield tag="264" ind1=" " ind2="1">
      <subfield code="b">Harpercollins Publishers,</subfield>
      <subfield code="c">2012</subfield>
    </datafield>
    <datafield tag="300" ind1=" " ind2=" ">
      <subfield code="a">704 sidor</subfield>
      <subfield code="c">19.8 cm</subfield>
    </datafield>
    <datafield tag="336" ind1=" " ind2=" ">
            <subfield code="a">text</subfield>
            <subfield code="b">txt</subfield>
            <subfield code="0">http://rdaregistry.info/termList/RDAContentType/1020</subfield>
            <subfield code="2">rdacontent</subfield>
        </datafield>
        <datafield tag="337" ind1=" " ind2=" ">
            <subfield code="a">unmediated</subfield>
            <subfield code="0">http://rdaregistry.info/termList/RDAMediaType/1007</subfield>
            <subfield code="2">rdamedia</subfield>
        </datafield>
        <datafield tag="338" ind1=" " ind2=" ">
            <subfield code="a">volume</subfield>
            <subfield code="0">http://rdaregistry.info/termList/RDACarrierType/1001</subfield>
            <subfield code="2">rdacarrier</subfield>
        </datafield>
    <datafield tag="340" ind1=" " ind2=" ">
      <subfield code="b">19.8 cm</subfield>
    </datafield>
    <datafield tag="380" ind1=" " ind2=" ">
            <subfield code="a">novel</subfield>
            <subfield code="2">marcgt</subfield>
        </datafield>
    <datafield tag="490" ind1="0" ind2=" ">
      <subfield code="a">A SONG OF ICE AND FIRE</subfield>
    </datafield>
    <datafield tag="599" ind1=" " ind2=" ">
      <subfield code="a">Maskinellt genererad post. ändra kod för fullständighetsnivå(leader/17), annars kommer manuellt gjorda ändringar att försvinna.</subfield>
    </datafield>
    <datafield tag="655" ind1=" " ind2="4">
      <subfield code="0">https://id.kb.se/marc/NotFictionNotFurtherSpecified</subfield>
    </datafield>
    <datafield tag="800" ind1="1" ind2=" ">
            <subfield code="a">Martin, George R. R.</subfield>
            <subfield code="d">1948-</subfield>
            <subfield code="t">A song of ice and fire</subfield>
            <subfield code="l">eng ;</subfield>
            <subfield code="0">http://viaf.org/viaf/258305993</subfield>
        </datafield>
    <datafield tag="841" ind1=" " ind2=" ">
      <subfield code="5">BOKR</subfield>
      <subfield code="a">x  a</subfield>
      <subfield code="b">171009||0000|||||000||||||000000</subfield>
      <subfield code="e">1</subfield>
    </datafield>
    <datafield tag="852" ind1=" " ind2=" ">
      <subfield code="5">BOKR</subfield>
      <subfield code="b">BOKR</subfield>
    </datafield>
  </record>