
<record>
    <leader>01639nam a2200409 c 4500</leader>
    <controlfield tag="001">a6407981</controlfield>
    <controlfield tag="003">SpMaBN</controlfield>
    <controlfield tag="005">20190228123609.5</controlfield>
    <controlfield tag="008">190128s2018    sp a   | |||| 000 f spa  </controlfield>
    <datafield tag="015" ind1=" " ind2=" ">
      <subfield code="a">MON1902</subfield>
    </datafield>
    <datafield tag="017" ind1=" " ind2=" ">
      <subfield code="a">B 22963-2018</subfield>
      <subfield code="b">Oficina Depósito Legal Barcelona</subfield>
    </datafield>
    <datafield tag="020" ind1=" " ind2=" ">
      <subfield code="a">978-84-01-02216-6</subfield>
    </datafield>
    <datafield tag="040" ind1=" " ind2=" ">
      <subfield code="a">SpMaBN</subfield>
      <subfield code="b">spa</subfield>
      <subfield code="c">SpMaBN</subfield>
      <subfield code="e">rda</subfield>
    </datafield>
    <datafield tag="041" ind1="1" ind2=" ">
      <subfield code="a">spa</subfield>
      <subfield code="h">eng</subfield>
    </datafield>
    <datafield tag="080" ind1=" " ind2=" ">
      <subfield code="a">821.111(73)-31"19"</subfield>
    </datafield>
    <datafield tag="100" ind1="1" ind2=" ">
      <subfield code="a">Martin, George R. R.</subfield>
      <subfield code="d">1948-</subfield>
      <subfield code="e">autor</subfield>
      <subfield code="4">aut</subfield>
      <subfield code="0">http://viaf.org/viaf/98636170</subfield>
    </datafield>
    <datafield tag="240" ind1="1" ind2="0">
      <subfield code="a">Fire &amp; blood</subfield>
      <subfield code="l">Español</subfield>
      <subfield code="0">http://viaf.org/viaf/36155343972206312971</subfield>
    </datafield>
    <datafield tag="245" ind1="1" ind2="0">
      <subfield code="a">Fuego y sangre</subfield>
      <subfield code="c">Martin, George R. R.; traducción de Natalia Cervera, Adela Ibáñez, Virginia Pérez, Antonio Rivas, Virginia Sáenz, Paco Vara y Juan Zuriaga ; ilustraciones de Doug Wheatley</subfield>
    </datafield>
    <datafield tag="250" ind1=" " ind2=" ">
      <subfield code="a">Primera edición: noviembre de 2018</subfield>
    </datafield>
    <datafield tag="264" ind1=" " ind2="1">
      <subfield code="a">[Barcelona]</subfield>
      <subfield code="b">Fantascy,</subfield>
      <subfield code="c">[2018]</subfield>
    </datafield>
    <datafield tag="264" ind1=" " ind2="4">
      <subfield code="c">©2018</subfield>
    </datafield>
    <datafield tag="300" ind1=" " ind2=" ">
      <subfield code="a">877 páginas</subfield>
      <subfield code="b">ilustraciones (blanco y negro)</subfield>
      <subfield code="c">24 cm</subfield>
    </datafield>
    <datafield tag="336" ind1=" " ind2=" ">
            <subfield code="a">text</subfield>
            <subfield code="b">txt</subfield>
            <subfield code="0">http://rdaregistry.info/termList/RDAContentType/1020</subfield>
            <subfield code="2">rdacontent</subfield>
        </datafield>
        <datafield tag="337" ind1=" " ind2=" ">
            <subfield code="a">unmediated</subfield>
            <subfield code="0">http://rdaregistry.info/termList/RDAMediaType/1007</subfield>
            <subfield code="2">rdamedia</subfield>
        </datafield>
        <datafield tag="338" ind1=" " ind2=" ">
            <subfield code="a">volume</subfield>
            <subfield code="0">http://rdaregistry.info/termList/RDACarrierType/1001</subfield>
            <subfield code="2">rdacarrier</subfield>
        </datafield>
        <datafield tag="380" ind1=" " ind2=" ">
            <subfield code="a">novel</subfield>
            <subfield code="2">marcgt</subfield>
        </datafield>
    <datafield tag="700" ind1="1" ind2=" ">
      <subfield code="a">Cervera, Natalia</subfield>
      <subfield code="e">traductor</subfield>
      <subfield code="4">trl</subfield>
      <subfield code="0">http://viaf.org/viaf/293934324</subfield>
    </datafield>
    <datafield tag="700" ind1="1" ind2=" ">
      <subfield code="a">Ibáñez, Adela</subfield>
      <subfield code="e">traductor</subfield>
      <subfield code="4">trl</subfield>
      <subfield code="0">http://viaf.org/viaf/79230585</subfield>
    </datafield>
    <datafield tag="700" ind1="1" ind2=" ">
      <subfield code="a">Pérez de la Puente, Virginia</subfield>
      <subfield code="d">1977-</subfield>
      <subfield code="e">traductor</subfield>
      <subfield code="4">trl</subfield>
      <subfield code="0">http://viaf.org/viaf/165745155</subfield>
    </datafield>
    <datafield tag="700" ind1="1" ind2=" ">
      <subfield code="a">Rivas, Antonio</subfield>
      <subfield code="q">Rivas Gonzálvez</subfield>
      <subfield code="e">traductor</subfield>
      <subfield code="4">trl</subfield>
      <subfield code="0">http://viaf.org/viaf/305866464</subfield>
    </datafield>
    <datafield tag="700" ind1="1" ind2=" ">
      <subfield code="a">Sáenz, Virginia</subfield>
      <subfield code="e">traductor</subfield>
      <subfield code="4">trl</subfield>
      <subfield code="0"> http://viaf.org/viaf/276458740</subfield>
    </datafield>
    <datafield tag="700" ind1="1" ind2=" ">
      <subfield code="a">Vara, Paco</subfield>
      <subfield code="e">traductor</subfield>
      <subfield code="4">trl</subfield>
      <subfield code="0">http://viaf.org/viaf/311588426</subfield>
    </datafield>
    <datafield tag="700" ind1="1" ind2=" ">
      <subfield code="a">Wheatley, Doug</subfield>
      <subfield code="e">ilustrador</subfield>
      <subfield code="4">ill</subfield>
      <subfield code="0">http://viaf.org/viaf/34713902</subfield>
    </datafield>
  </record>