
<record>
    <leader>01308nam a2200361 c 4500</leader>
    <controlfield tag="001">a5813988</controlfield>
    <controlfield tag="003">SpMaBN</controlfield>
    <controlfield tag="005">20160624130938.6</controlfield>
    <controlfield tag="008">160614s2016    sp a   | |||| 000 f spa  </controlfield>
    <datafield tag="015" ind1=" " ind2=" ">
      <subfield code="a">MON1606</subfield>
    </datafield>
    <datafield tag="017" ind1=" " ind2=" ">
      <subfield code="a">B 26786-2015</subfield>
      <subfield code="b">Oficina Depósito Legal Barcelona</subfield>
    </datafield>
    <datafield tag="020" ind1=" " ind2=" ">
      <subfield code="a">978-84-16035-38-0</subfield>
    </datafield>
    <datafield tag="035" ind1=" " ind2=" ">
      <subfield code="a">(OCoLC)953000214</subfield>
    </datafield>
    <datafield tag="040" ind1=" " ind2=" ">
      <subfield code="a">SpMaBN</subfield>
      <subfield code="b">spa</subfield>
      <subfield code="c">SpMaBN</subfield>
      <subfield code="e">rdc</subfield>
    </datafield>
    <datafield tag="041" ind1="1" ind2=" ">
      <subfield code="a">spa</subfield>
      <subfield code="h">eng</subfield>
    </datafield>
    <datafield tag="080" ind1=" " ind2=" ">
      <subfield code="a">821.111(73)-31"19"</subfield>
    </datafield>
    <datafield tag="100" ind1="1" ind2=" ">
    <subfield code="a">Martin, George R. R.</subfield>
      <subfield code="0">http://viaf.org/viaf/98636170</subfield>
      <subfield code="d">1948-</subfield>
      <subfield code="4">aut</subfield>
    </datafield>
    <datafield tag="240" ind1="1" ind2="2">
      <subfield code="a">A knight of the Seven Kingdoms</subfield>
      <subfield code="l">Español</subfield>
      <subfield code="0">http://viaf.org/viaf/316383422</subfield>
    </datafield>
    <datafield tag="245" ind1="1" ind2="3">
      <subfield code="a">El caballero de los siete reinos</subfield>
      <subfield code="c">George R.R. Martin ; [traducción del inglés, Cristina Macía, Raquel Marqués ; ilustraciones, Gary Gianni]</subfield>
    </datafield>
    <datafield tag="250" ind1=" " ind2=" ">
      <subfield code="a">1ª ed. en esta colección</subfield>
    </datafield>
    <datafield tag="260" ind1=" " ind2=" ">
      <subfield code="a">Barcelona</subfield>
      <subfield code="b">Gigamesh</subfield>
      <subfield code="c">2016</subfield>
    </datafield>
    <datafield tag="300" ind1=" " ind2=" ">
      <subfield code="a">374 p.</subfield>
      <subfield code="b">il.</subfield>
      <subfield code="c">21 cm</subfield>
    </datafield>
    <datafield tag="336" ind1=" " ind2=" ">
            <subfield code="a">text</subfield>
            <subfield code="b">txt</subfield>
            <subfield code="0">http://rdaregistry.info/termList/RDAContentType/1020</subfield>
            <subfield code="2">rdacontent</subfield>
        </datafield>
        <datafield tag="337" ind1=" " ind2=" ">
            <subfield code="a">unmediated</subfield>
            <subfield code="0">http://rdaregistry.info/termList/RDAMediaType/1007</subfield>
            <subfield code="2">rdamedia</subfield>
        </datafield>
        <datafield tag="338" ind1=" " ind2=" ">
            <subfield code="a">volume</subfield>
            <subfield code="0">http://rdaregistry.info/termList/RDACarrierType/1001</subfield>
            <subfield code="2">rdacarrier</subfield>
        </datafield>
        <datafield tag="380" ind1=" " ind2=" ">
            <subfield code="a">novel</subfield>
            <subfield code="2">marcgt</subfield>
        </datafield>
    <datafield tag="490" ind1="0" ind2=" ">
      <subfield code="a">Gigamesh éxitos</subfield>
      <subfield code="v">7</subfield>
    </datafield>
    <datafield tag="594" ind1=" " ind2=" ">
      <subfield code="a">Título original: A knight of the seven kingdoms</subfield>
    </datafield>
    <datafield tag="700" ind1="1" ind2=" ">
      <subfield code="a">Macía, Cristina</subfield>
      <subfield code="d">1965-</subfield>
      <subfield code="e">traductor</subfield>
      <subfield code="4">trl</subfield>
      <subfield code="0">http://viaf.org/viaf/36603742</subfield>
    </datafield>
    <datafield tag="700" ind1="1" ind2=" ">
      <subfield code="a">Marqués García, Raquel</subfield>
      <subfield code="e">traductor</subfield>
      <subfield code="4">trl</subfield>
      <subfield code="0">http://viaf.org/viaf/305865919</subfield>
    </datafield>
    <datafield tag="700" ind1="1" ind2=" ">
      <subfield code="a">Gianni, Gary</subfield>
      <subfield code="e">ilustrador</subfield>
      <subfield code="4">ill</subfield>
      <subfield code="0">http://viaf.org/viaf/79214228</subfield>
    </datafield>
  </record>