
<record>
    <leader>01345cam a2200313   450 </leader>
    <controlfield tag="001">FRBNF410130410000006</controlfield>
    <controlfield tag="003">http://catalogue.bnf.fr/ark:/12148/cb410130414</controlfield>
    <datafield tag="010" ind1=" " ind2=" ">
      <subfield code="a">978-2-286-03109-1</subfield>
      <subfield code="b">rel.</subfield>
      <subfield code="d">23 EUR</subfield>
    </datafield>
    <datafield tag="020" ind1=" " ind2=" ">
      <subfield code="a">FR</subfield>
      <subfield code="b">00722932</subfield>
    </datafield>
    <datafield tag="041" ind1="1" ind2=" ">
      <subfield code="a">fre</subfield>
      <subfield code="h">eng</subfield>
    </datafield>
    <datafield tag="073" ind1=" " ind2="0">
      <subfield code="a">9782286031091</subfield>
    </datafield>
            <datafield tag="100" ind1="1" ind2=" ">
            <subfield code="a">Clarke, Susanna</subfield>
            <subfield code="d">1959-</subfield>
            <subfield code="4">aut</subfield>
            <subfield code="0">http://viaf.org/viaf/19931023</subfield>
        </datafield>
    <datafield tag="101" ind1="1" ind2=" ">
      <subfield code="a">fre</subfield>
      <subfield code="c">eng</subfield>
    </datafield>
    <datafield tag="102" ind1=" " ind2=" ">
      <subfield code="a">FR</subfield>
    </datafield>
    <datafield tag="181" ind1=" " ind2=" ">
      <subfield code="6">02</subfield>
      <subfield code="c">txt</subfield>
      <subfield code="2">rdacontent</subfield>
    </datafield>
    <datafield tag="182" ind1=" " ind2=" ">
      <subfield code="6">02</subfield>
      <subfield code="c">n</subfield>
      <subfield code="2">rdamedia</subfield>
    </datafield>
    <datafield tag="240" ind1="1" ind2=" ">
      <subfield code="a">Jonathan Strange &amp; Mr Norrell</subfield>
      <subfield code="0">http://viaf.org/viaf/9729151656218708400000</subfield>
      <subfield code="l">fre</subfield>
    </datafield>
    <datafield tag="245" ind1="1" ind2=" ">
      <subfield code="a">Jonathan Strange &amp; Mr Norrell</subfield>
      <subfield code="b">Texte imprime</subfield>
      <subfield code="e">roman</subfield>
      <subfield code="f">Susanna Clarke</subfield>
      <subfield code="g">traduit de l'anglais (Grande-Bretagne) par Isabelle D. Philippe</subfield>
    </datafield>
    <datafield tag="210" ind1=" " ind2=" ">
      <subfield code="a">Paris</subfield>
      <subfield code="c">le Grand livre du mois</subfield>
      <subfield code="d">impr. 2007</subfield>
      <subfield code="e">27-Mesnil-sur-l'Estree</subfield>
      <subfield code="g">Impr. Firmin-Didot</subfield>
    </datafield>
    <datafield tag="215" ind1=" " ind2=" ">
      <subfield code="a">1 vol. (848 p.)</subfield>
      <subfield code="c">couv. ill.</subfield>
      <subfield code="d">25 cm</subfield>
    </datafield>
    <datafield tag="336" ind1=" " ind2=" ">
            <subfield code="a">text</subfield>
            <subfield code="b">txt</subfield>
            <subfield code="0">http://rdaregistry.info/termList/RDAContentType/1020</subfield>
            <subfield code="2">rdacontent</subfield>
        </datafield>
        <datafield tag="337" ind1=" " ind2=" ">
            <subfield code="a">unmediated</subfield>
            <subfield code="0">http://rdaregistry.info/termList/RDAMediaType/1007</subfield>
            <subfield code="2">rdamedia</subfield>
        </datafield>
        <datafield tag="338" ind1=" " ind2=" ">
            <subfield code="a">volume</subfield>
            <subfield code="0">http://rdaregistry.info/termList/RDACarrierType/1001</subfield>
            <subfield code="2">rdacarrier</subfield>
        </datafield>
        <datafield tag="380" ind1=" " ind2=" ">
            <subfield code="a">novel</subfield>
            <subfield code="2">marcgt</subfield>
        </datafield>
    <datafield tag="454" ind1=" " ind2="1">
      <subfield code="t">Jonathan Strange &amp; Mr Norrell</subfield>
    </datafield>
    <datafield tag="517" ind1="1" ind2=" ">
      <subfield code="a">Jonathan Strange et Mr Norrell</subfield>
    </datafield>
    <datafield tag="686" ind1=" " ind2=" ">
      <subfield code="a">803</subfield>
      <subfield code="2">Cadre de classement de la Bibliographie nationale fran&amp;#xd0;caise</subfield>
    </datafield>
    <datafield tag="702" ind1=" " ind2="|">
      <subfield code="3">12109502</subfield>
      <subfield code="o">ISNI0000000110344673</subfield>
      <subfield code="a">Philippe</subfield>
      <subfield code="b">Isabelle D.</subfield>
      <subfield code="f">1959-....</subfield>
      <subfield code="4">trl</subfield>
      <subfield code="1">http://viaf.org/viaf/41640</subfield>
    </datafield>
    <datafield tag="801" ind1=" " ind2="0">
      <subfield code="a">FR</subfield>
      <subfield code="b">FR-751131015</subfield>
      <subfield code="c">20070413</subfield>
      <subfield code="g">AFNOR</subfield>
      <subfield code="h">FRBNF410130410000006</subfield>
      <subfield code="2">intermrc</subfield>
    </datafield>
  </record>