
<record>
    <leader>00917cam a22002658i 4500</leader>
    <controlfield tag="001">2bbhdqdn09t2prg7</controlfield>
    <controlfield tag="003">LIBRIS</controlfield>
    <controlfield tag="005">20181003130705.0</controlfield>
    <controlfield tag="008">181003s2005    xx |||||||||||000 0|eng|d</controlfield>
    <datafield tag="020" ind1=" " ind2=" ">
      <subfield code="a">9780747579885</subfield>
      <subfield code="q">pocket</subfield>
    </datafield>
    <datafield tag="035" ind1=" " ind2=" ">
      <subfield code="a">(BOKR)9780747579885</subfield>
    </datafield>
    <datafield tag="040" ind1=" " ind2=" ">
      <subfield code="a">BOKR</subfield>
      <subfield code="e">i</subfield>
    </datafield>
    <datafield tag="041" ind1=" " ind2=" ">
      <subfield code="a">eng</subfield>
    </datafield>
    <datafield tag="100" ind1="1" ind2=" ">
      <subfield code="a">Clarke, Susanna</subfield>
      <subfield code="4">aut</subfield>
      <subfield code="0">http://viaf.org/viaf/19931023</subfield>
    </datafield>
    <datafield tag="240" ind1="1" ind2="0">
      <subfield code="a">Jonathan strange and mr. norrell</subfield>
      <subfield code="0">http://viaf.org/viaf/9729151656218708400000</subfield>
    </datafield>
    <datafield tag="245" ind1="1" ind2="0">
      <subfield code="a">Jonathan strange and mr. norrell</subfield>
    </datafield>
    <datafield tag="263" ind1=" " ind2=" ">
      <subfield code="a">200509</subfield>
    </datafield>
    <datafield tag="264" ind1=" " ind2="1">
      <subfield code="b">Bloomsbury Publishing Plc,</subfield>
      <subfield code="c">2005</subfield>
    </datafield>
    <datafield tag="300" ind1=" " ind2=" ">
      <subfield code="a">1024 sidor</subfield>
      <subfield code="c">19.7 cm</subfield>
    </datafield>
    <datafield tag="336" ind1=" " ind2=" ">
            <subfield code="a">text</subfield>
            <subfield code="b">txt</subfield>
            <subfield code="0">http://rdaregistry.info/termList/RDAContentType/1020</subfield>
            <subfield code="2">rdacontent</subfield>
        </datafield>
    <datafield tag="337" ind1=" " ind2=" ">
            <subfield code="a">unmediated</subfield>
            <subfield code="0">http://rdaregistry.info/termList/RDAMediaType/1007</subfield>
            <subfield code="2">rdamedia</subfield>
        </datafield>
        <datafield tag="338" ind1=" " ind2=" ">
            <subfield code="a">volume</subfield>
            <subfield code="0">http://rdaregistry.info/termList/RDACarrierType/1001</subfield>
            <subfield code="2">rdacarrier</subfield>
        </datafield>
    <datafield tag="340" ind1=" " ind2=" ">
      <subfield code="b">19.7 cm</subfield>
    </datafield>
    <datafield tag="380" ind1=" " ind2=" ">
            <subfield code="a">novel</subfield>
            <subfield code="2">marcgt</subfield>
        </datafield>
    <datafield tag="655" ind1=" " ind2="4">
      <subfield code="0">https://id.kb.se/marc/NotFictionNotFurtherSpecified</subfield>
    </datafield>
  </record>