
<record>
      <leader>02175cim a22004697a 4500</leader>
    <controlfield tag="001">11517179</controlfield>
    <controlfield tag="003">LIBRIS</controlfield>
    <controlfield tag="005">20170512111759.0</controlfield>
    <controlfield tag="007">sd||||||||||||</controlfield>
    <controlfield tag="008">090727s2005    sw nnnne ||||||f  n swe c</controlfield>
    <datafield tag="024" ind1="7" ind2=" ">
      <subfield code="a">C54060</subfield>
      <subfield code="2">MTM medienummer</subfield>
    </datafield>
    <datafield tag="035" ind1=" " ind2=" ">
      <subfield code="a">(MTM)C54060</subfield>
    </datafield>
    <datafield tag="040" ind1=" " ind2=" ">
      <subfield code="a">Mtm</subfield>
    </datafield>
    <datafield tag="041" ind1="1" ind2=" ">
      <subfield code="a">swe</subfield>
      <subfield code="h">eng</subfield>
    </datafield>
    <datafield tag="082" ind1="0" ind2="4">
      <subfield code="a">839.78</subfield>
      <subfield code="2">22 (machine generated)</subfield>
    </datafield>
    <datafield tag="100" ind1="1" ind2=" ">
      <subfield code="a">Clarke, Susanna</subfield>
      <subfield code="0">http://viaf.org/viaf/19931023</subfield>
      <subfield code="4">aut</subfield>
    </datafield>
    <datafield tag="240" ind1=" " ind2=" ">
            <subfield code="a">Jonathan Strange &amp; Mr Norrell</subfield>
            <subfield code="0">http://viaf.org/viaf/9729151656218708400000</subfield>
            <subfield code="l">swe</subfield>
        </datafield>
    <datafield tag="245" ind1="1" ind2="0">
      <subfield code="a">Jonathan Strange &amp; Mr Norrell</subfield>
      <subfield code="h">[Ljudupptagning] :</subfield>
      <subfield code="c">Susanna Clarke ; v̲ersatt av Jimmy Hofs̲</subfield>
    </datafield>
    <datafield tag="249" ind1=" " ind2="0">
      <subfield code="a">Jonathan Strange &amp; Mr. Norrell (engelska)</subfield>
    </datafield>
    <datafield tag="260" ind1=" " ind2=" ">
      <subfield code="a">Enskede :</subfield>
      <subfield code="b">TPB,</subfield>
      <subfield code="c">2005</subfield>
    </datafield>
    <datafield tag="300" ind1=" " ind2=" ">
      <subfield code="a">2 CD-R (35 tim., 16 min.) :</subfield>
      <subfield code="b">mono</subfield>
    </datafield>
    <datafield tag="336" ind1=" " ind2=" ">
            <subfield code="a">spoken word</subfield>
            <subfield code="0">http://www.rdaregistry.info/termList/RDAContentType/#1013</subfield>
            <subfield code="2">rdacontent</subfield>
        </datafield>
        <datafield tag="337" ind1=" " ind2=" ">
            <subfield code="a">audio</subfield>
            <subfield code="0">http://rdaregistry.info/termList/RDAMediaType/1001</subfield>
            <subfield code="2">rdamedia</subfield>
        </datafield>
         <datafield tag="338" ind1=" " ind2=" "> 
            <subfield code="a">computerdisc</subfield> 
            <subfield code="0">http://rdaregistry.info/termList/RDACarrierType/1013</subfield> 
            <subfield code="2">rdacarrier</subfield> 
        </datafield> 
        <datafield tag="380" ind1=" " ind2=" ">
            <subfield code="a">fiction</subfield>
             <subfield code="0">http://id.loc.gov/vocabulary/marcgt/fic</subfield>  
            <subfield code="2">marcgt</subfield>
        </datafield>
    <datafield tag="500" ind1=" " ind2=" ">
      <subfield code="a">Digital talbok (DAISY 2.02), ljud</subfield>
    </datafield>
    <datafield tag="500" ind1=" " ind2=" ">
      <subfield code="a">Inls̃t ur: Stockholm : Norstedt, 2005</subfield>
    </datafield>
    <datafield tag="506" ind1="1" ind2=" ">
      <subfield code="a">Tillgñglig fr̲ personer med ls̃nedst̃tning enligt ʹ 17 Upphovsrt̃tslagen</subfield>
      <subfield code="u">http://www.mtm.se/om-oss/uppdrag-och-lagar/upphovsrattslagen/</subfield>
    </datafield>
    <datafield tag="520" ind1=" " ind2=" ">
      <subfield code="a">I 1800-talets England r̃ den gamla magin fr̲svunnen. Men det ryktas att en ny magiker, mr Norrell, har utfr̲t ett stordd̄ vr̃digt forna tiders magi. Den nḡot motstrṽige magikern tar unge Jonathan Strange som lr̃junge. Men frḡorna hopar sig. Vem r̃ mannen med tistelfjunshr̄et? Vad hade egentligen hñt nr̃ lady Pole t̄eruppvc̃ktes frn̄ de dd̲a? Nr̃ Strange fr̲sk̲er besvara frḡorna slp̃ps ondskan ls̲. Inls̃t ur Norstedt, 2005</subfield>
    </datafield>
    <datafield tag="599" ind1=" " ind2=" ">
      <subfield code="a">MTM MarcRecordId: 116678</subfield>
    </datafield>
    <datafield tag="599" ind1=" " ind2=" ">
      <subfield code="5">Mtm</subfield>
      <subfield code="a">Posten ñdrad i Legimus 20170522</subfield>
    </datafield>
    <datafield tag="653" ind1=" " ind2=" ">
      <subfield code="a">Fantasy</subfield>
    </datafield>
    <datafield tag="653" ind1=" " ind2=" ">
      <subfield code="a">Historiska romaner</subfield>
    </datafield>
    <datafield tag="655" ind1=" " ind2="4">
      <subfield code="a">DAISY</subfield>
    </datafield>
    <datafield tag="740" ind1="0" ind2=" ">
      <subfield code="a">Jonathan Strange och Mr Norrell</subfield>
    </datafield>
    <datafield tag="776" ind1="0" ind2="8">
      <subfield code="i">Inls̃t ur</subfield>
      <subfield code="t">Jonathan Strange &amp; Mr Norrell</subfield>
    </datafield>
    <datafield tag="856" ind1=" " ind2=" ">
      <subfield code="s">764106690</subfield>
    </datafield>
    <datafield tag="856" ind1="4" ind2="2">
      <subfield code="5">Mtm</subfield>
      <subfield code="u">http://tifo.btj.se/1892212113212355Extra information</subfield>
      <subfield code="g">alias: URL</subfield>
    </datafield>
    <datafield tag="856" ind1="4" ind2="0">
      <subfield code="5">Mtm</subfield>
      <subfield code="u">http://www.legimus.se/work/redirect?MedieNr=C54060</subfield>
      <subfield code="z">Ladda ner. Tillgñglig fr̲ personer med ls̃nedst̃tning enligt ʹ 17 Upphovsrt̃tslagen</subfield>
    </datafield>
  </record>