
<record>
    <leader>04222ngm a2200709 c 4500</leader>
    <controlfield tag="001">a6424976</controlfield>
    <controlfield tag="003">SpMaBN</controlfield>
    <controlfield tag="005">20190222131032.6</controlfield>
    <controlfield tag="007">vd*csaizk</controlfield>
    <controlfield tag="008">190215s2018    sp 566 g          vlmul  </controlfield>
    <datafield tag="017" ind1=" " ind2=" ">
      <subfield code="a">M 12412-2018</subfield>
      <subfield code="b">Oficina Depósito Legal Madrid</subfield>
    </datafield>
    <datafield tag="024" ind1="3" ind2=" ">
      <subfield code="a">8420266016775</subfield>
    </datafield>
    <datafield tag="028" ind1="4" ind2="0">
      <subfield code="a">F5-BUHD 7573353</subfield>
      <subfield code="b">HBO</subfield>
    </datafield>
    <datafield tag="040" ind1=" " ind2=" ">
      <subfield code="a">SpMaBN</subfield>
      <subfield code="b">spa</subfield>
      <subfield code="c">SpMaBN</subfield>
      <subfield code="e">rdc</subfield>
    </datafield>
    <datafield tag="041" ind1="1" ind2=" ">
      <subfield code="a">mul</subfield>
      <subfield code="j">mul</subfield>
      <subfield code="h">eng</subfield>
    </datafield>
    <datafield tag="130" ind1="0" ind2=" ">
      <subfield code="a">Game of thrones (Serie de televisión)</subfield>
      <subfield code="l">Políglota</subfield>
      <subfield code="0">http://viaf.org/viaf/1148703893936930740</subfield>
    </datafield>
    <datafield tag="260" ind1=" " ind2=" ">
      <subfield code="a">[Madrid]</subfield>
      <subfield code="b">distribuida en España por Twentieth Century Fox Home Entertainment</subfield>
      <subfield code="c">D.L. 2018</subfield>
    </datafield>
    <datafield tag="300" ind1=" " ind2=" ">
      <subfield code="a">4 Blu-ray (ca. 566 min)</subfield>
      <subfield code="b">son., col.</subfield>
      <subfield code="e">1 hoja + 1 funda</subfield>
    </datafield>
    <datafield tag="336" ind1=" " ind2=" ">
            <subfield code="a">moving image</subfield>
            <subfield code="b">txt</subfield>
            <subfield code="0">http://rdaregistry.info/termList/RDAContentType/1020</subfield>
            <subfield code="2">rdacontent</subfield>
        </datafield>
    <datafield tag="337" ind1=" " ind2=" ">
            <subfield code="a">video</subfield>
            <subfield code="0">http://rdaregistry.info/termList/RDAMediaType/1008</subfield>
            <subfield code="2">rdamedia</subfield>
        </datafield>
        <datafield tag="338" ind1=" " ind2=" ">
            <subfield code="a">videodisc</subfield>
            <subfield code="0">http://rdaregistry.info/termList/RDACarrierType/1060</subfield>
            <subfield code="2">rdacarrier</subfield>
        </datafield>
        <datafield tag="380" ind1=" " ind2=" ">
            <subfield code="a">motion picture</subfield>
            <subfield code="2">marcgt</subfield>
        </datafield>
    <datafield tag="500" ind1=" " ind2=" ">
      <subfield code="a">Incluye contenido extra</subfield>
    </datafield>
    <datafield tag="500" ind1=" " ind2=" ">
      <subfield code="a">Producida por HBO</subfield>
    </datafield>
    <datafield tag="500" ind1=" " ind2=" ">
      <subfield code="a">Basada en "Canción de hielo y fuego" de George R.R. Martin</subfield>
    </datafield>
    <datafield tag="505" ind1=" " ind2="0">
      <subfield code="a">Blu-ray 1. Episodios 1-3 -- Blu-ray 2. Episodios 4-6 -- Blu-ray 3. Episodios 7-9 -- Blu-ray 4. Episodio 10</subfield>
    </datafield>
    <datafield tag="511" ind1="1" ind2=" ">
      <subfield code="a">Sean Bean, Mark Addy, Nikolaj Coster-Waldau</subfield>
    </datafield>
    <datafield tag="518" ind1=" " ind2=" ">
      <subfield code="a">Serie de televisión realizada desde 2011 en Estados Unidos</subfield>
    </datafield>
    <datafield tag="518" ind1=" " ind2=" ">
      <subfield code="a">Primera temporada de 10 episodios realizados en 2011</subfield>
    </datafield>
    <datafield tag="518" ind1=" " ind2=" ">
      <subfield code="a">Lugares de rodaje: Irlanda, Malta</subfield>
    </datafield>
    <datafield tag="520" ind1="3" ind2=" ">
      <subfield code="a">La historia se desarrolla en un mundo ficticio de carácter medieval donde hay Siete Reinos. Hay tres líneas argumentales principales: la crónica de la guerra civil dinástica por el control de Poniente, la creciente amenaza de los Otros, seres desconocidos que viven al otro lado de un inmenso muro de hielo y el viaje de Daenerys Targaryen</subfield>
    </datafield>
    <datafield tag="521" ind1="1" ind2=" ">
      <subfield code="a">No recomendada para menores de 12 años</subfield>
    </datafield>
    <datafield tag="538" ind1=" " ind2=" ">
      <subfield code="a">Requisitos del 4K Ultra HD: televisor 4K Ultra HD con High Dynamic Range (HDR), reproductor Blu-ray Ultra HD, cable HDMI 2.0A de alta velocidad (categoría 2)</subfield>
    </datafield>
    <datafield tag="538" ind1=" " ind2=" ">
      <subfield code="a">Resolución de imagen 2160p Ultra High Definition</subfield>
    </datafield>
    <datafield tag="538" ind1=" " ind2=" ">
      <subfield code="a">Formato de película 1.78:1</subfield>
    </datafield>
    <datafield tag="538" ind1=" " ind2=" ">
      <subfield code="a">Formato de pantalla 16:9</subfield>
    </datafield>
    <datafield tag="546" ind1=" " ind2=" ">
      <subfield code="a">Versiones en inglés, español, francés, alemán, italiano, portugués-brasileño, checo, húngaro, polaco y ruso, con subtítulos en español, francés, alemán, portugués-brasileño, checo, húngaro, polaco, ruso, holandés, danés, finlandés, noruego, sueco, croata, griego, hebreo, portugués, rumano, esloveno, turco, chino, coreano y tailandés</subfield>
    </datafield>
    <datafield tag="597" ind1=" " ind2=" ">
      <subfield code="a">Formato de película 1.85:1</subfield>
    </datafield>
    <datafield tag="597" ind1=" " ind2=" ">
      <subfield code="a">Formato de pantalla 16:9</subfield>
    </datafield>
    <datafield tag="655" ind1=" " ind2="7">
      <subfield code="a">Series de televisión</subfield>
      <subfield code="2">tgfbne</subfield>
    </datafield>
    <datafield tag="655" ind1=" " ind2="7">
      <subfield code="a">Cine de aventuras y acción</subfield>
      <subfield code="2">tgfbne</subfield>
    </datafield>
    <datafield tag="655" ind1=" " ind2="7">
      <subfield code="a">Dramas cinematográficos</subfield>
      <subfield code="2">tgfbne</subfield>
    </datafield>
    <datafield tag="700" ind1="1" ind2=" ">
      <subfield code="a">Jensen, Matthew</subfield>
      <subfield code="e">director de fotografía</subfield>
      <subfield code="4">cng</subfield>
      <subfield code="0">http://viaf.org/viaf/87431275</subfield>
    </datafield>
    <datafield tag="700" ind1="1" ind2=" ">
      <subfield code="a">Djawadi, Ramin</subfield>
      <subfield code="d">1974-</subfield>
      <subfield code="e">compositor</subfield>
      <subfield code="4">cmp</subfield>
      <subfield code="0">http://viaf.org/viaf/85762981</subfield>
    </datafield>
    <datafield tag="700" ind1="1" ind2=" ">
      <subfield code="a">Bean, Sean</subfield>
      <subfield code="d">1959-</subfield>
      <subfield code="e">actor</subfield>
      <subfield code="4">act</subfield>
      <subfield code="0">http://viaf.org/viaf/117664428</subfield>
    </datafield>
    <datafield tag="700" ind1="1" ind2=" ">
      <subfield code="a">Addy, Mark</subfield>
      <subfield code="d">1964-</subfield>
      <subfield code="e">actor</subfield>
      <subfield code="4">act</subfield>
      <subfield code="0">http://viaf.org/viaf/54348370</subfield>
    </datafield>
    <datafield tag="700" ind1="1" ind2=" ">
      <subfield code="a">Coster-Waldau, Nikolaj</subfield>
      <subfield code="d">1970-</subfield>
      <subfield code="e">actor</subfield>
      <subfield code="4">act</subfield>
      <subfield code="0">http://viaf.org/viaf/21907879</subfield>
    </datafield>
    <datafield tag="700" ind1="1" ind2=" ">
      <subfield code="a">Martin, George R. R.</subfield>
      <subfield code="d">1948-</subfield>
      <subfield code="t">Song of ice and fire</subfield>
      <subfield code="4">http://rdaregistry.info/Elements/w/adaptationOfWork.en</subfield>
      <subfield code="l">eng</subfield>
      <subfield code="0">http://viaf.org/viaf/258305993</subfield>
    </datafield>
    <datafield tag="710" ind1="2" ind2=" ">
      <subfield code="a">HBO</subfield>
    </datafield>
  </record>