
<record>
    <leader>01405cam a22003498i 4500</leader>
    <controlfield tag="001">21662050</controlfield>
    <controlfield tag="003">LIBRIS</controlfield>
    <controlfield tag="005">20181003154506.0</controlfield>
    <controlfield tag="008">171009s2012    xx |||||||||||000 0|eng|d</controlfield>
    <datafield tag="020" ind1=" " ind2=" ">
      <subfield code="a">9780007482894</subfield>
      <subfield code="q">inbunden</subfield>
    </datafield>
    <datafield tag="035" ind1=" " ind2=" ">
      <subfield code="a">(BOKR)9780007482894</subfield>
    </datafield>
    <datafield tag="040" ind1=" " ind2=" ">
      <subfield code="a">BOKR</subfield>
      <subfield code="e">i</subfield>
    </datafield>
    <datafield tag="041" ind1=" " ind2=" ">
      <subfield code="a">eng</subfield>
    </datafield>
    <datafield tag="100" ind1="1" ind2=" ">
      <subfield code="a">Martin, George R. R.</subfield>
      <subfield code="4">aut</subfield>
      <subfield code="0">http://viaf.org/viaf/98636170</subfield>
    </datafield>
    <datafield tag="240" ind1="1" ind2="0">
      <subfield code="a">Game of thrones :</subfield>
      <subfield code="0">http://viaf.org/viaf/258305993</subfield>
    </datafield>
    <datafield tag="245" ind1="1" ind2="0">
      <subfield code="a">Game of thrones :</subfield>
      <subfield code="b">graphic novel, volume one</subfield>
    </datafield>
    <datafield tag="263" ind1=" " ind2=" ">
      <subfield code="a">201203</subfield>
    </datafield>
    <datafield tag="264" ind1=" " ind2="1">
      <subfield code="b">Harpercollins Publishers,</subfield>
      <subfield code="c">2012</subfield>
    </datafield>
    <datafield tag="300" ind1=" " ind2=" ">
      <subfield code="a">240 sidor</subfield>
      <subfield code="c">26.6 cm</subfield>
    </datafield>
    <datafield tag="336" ind1=" " ind2=" ">
            <subfield code="a">cartographic moving image</subfield>
            <subfield code="b">cmi</subfield>
            <subfield code="0">http://rdaregistry.info/termList/RDAContentType/1003</subfield>
            <subfield code="2">rdacontent</subfield>
        </datafield>
    <datafield tag="337" ind1=" " ind2=" ">
            <subfield code="a">unmediated</subfield>
            <subfield code="0">http://rdaregistry.info/termList/RDAMediaType/1007</subfield>
            <subfield code="2">rdamedia</subfield>
        </datafield>
        <datafield tag="338" ind1=" " ind2=" ">
            <subfield code="a">volume</subfield>
            <subfield code="0">http://rdaregistry.info/termList/RDACarrierType/1060</subfield>
            <subfield code="2">rdacarrier</subfield>
        </datafield>
    <datafield tag="340" ind1=" " ind2=" ">
      <subfield code="b">26.6 cm</subfield>
    </datafield>
    <datafield tag="380" ind1=" " ind2=" ">
            <subfield code="a">novel</subfield>
            <subfield code="2">marcgt</subfield>
        </datafield>
    <datafield tag="490" ind1="0" ind2=" ">
      <subfield code="a">SONG OF ICE AND FIRE</subfield>
    </datafield>
    <datafield tag="599" ind1=" " ind2=" ">
      <subfield code="a">Maskinellt genererad post. ändra kod för fullständighetsnivå(leader/17), annars kommer manuellt gjorda ändringar att försvinna.</subfield>
    </datafield>
    <datafield tag="655" ind1=" " ind2="4">
      <subfield code="0">https://id.kb.se/marc/NotFictionNotFurtherSpecified</subfield>
    </datafield>
    <datafield tag="700" ind1="1" ind2=" ">
      <subfield code="a">Martin, George R. R.</subfield>
      <subfield code="d">1948-</subfield>
      <subfield code="t">Song of ice and fire</subfield>
      <subfield code="4">http://rdaregistry.info/Elements/w/adaptationOfWork.en</subfield>
      <subfield code="l">eng</subfield>
      <subfield code="0">http://viaf.org/viaf/258305993</subfield>
    </datafield>
  </record>