
<record>
    <leader>02776cam a22005537i 4500</leader>
    <controlfield tag="001">21667845</controlfield>
    <controlfield tag="003">LIBRIS</controlfield>
    <controlfield tag="005">20190114165314.0</controlfield>
    <controlfield tag="008">171009s2014    xxk||||j||||||000 1|eng|d</controlfield>
    <datafield tag="020" ind1=" " ind2=" ">
      <subfield code="a">9780007588510</subfield>
      <subfield code="q">inbunden</subfield>
    </datafield>
    <datafield tag="035" ind1=" " ind2=" ">
      <subfield code="a">(BOKR)9780007588510</subfield>
    </datafield>
    <datafield tag="040" ind1=" " ind2=" ">
      <subfield code="a">BOKR</subfield>
      <subfield code="d">Jos</subfield>
      <subfield code="e">i</subfield>
      <subfield code="e">rda</subfield>
    </datafield>
    <datafield tag="041" ind1=" " ind2=" ">
      <subfield code="a">eng</subfield>
    </datafield>
    <datafield tag="082" ind1="0" ind2="4">
      <subfield code="a">820</subfield>
      <subfield code="2">22 (machine generated)</subfield>
    </datafield>
    <datafield tag="084" ind1=" " ind2=" ">
      <subfield code="a">He,ug</subfield>
      <subfield code="2">kssb/8</subfield>
    </datafield>
    <datafield tag="100" ind1="1" ind2=" ">
      <subfield code="a">Lewis, C. S.</subfield>
      <subfield code="q">(Clive Staples),</subfield>
      <subfield code="d">1898-1963</subfield>
      <subfield code="4">aut</subfield>
     <subfield code="0">http://viaf.org/viaf/22144877</subfield>
    </datafield>
    <datafield tag="240" ind1="1" ind2="0">
            <subfield code="a">The magician's nephew</subfield>
            <subfield code="l">eng</subfield>
            <subfield code="0">http://viaf.org/viaf/5801154387425130970005</subfield>
        </datafield>
    <datafield tag="245" ind1="1" ind2="4">
      <subfield code="a">The magician's nephew /</subfield>
      <subfield code="c">C. S. Lewis ; illustrated by Pauline Baynes.</subfield>
    </datafield>
    <datafield tag="264" ind1=" " ind2="1">
      <subfield code="a">London :</subfield>
      <subfield code="b">Harpercollins Children's Books,</subfield>
      <subfield code="c">2014</subfield>
    </datafield>
    <datafield tag="300" ind1=" " ind2=" ">
      <subfield code="a">208 sidor</subfield>
      <subfield code="b">illustrationer</subfield>
      <subfield code="c">21 cm</subfield>
    </datafield>
    <datafield tag="336" ind1=" " ind2=" ">
            <subfield code="a">text</subfield>
            <subfield code="b">txt</subfield>
            <subfield code="0">http://rdaregistry.info/termList/RDAContentType/1020</subfield>
            <subfield code="2">rdacontent</subfield>
        </datafield>
        <datafield tag="337" ind1=" " ind2=" ">
            <subfield code="a">unmediated</subfield>
            <subfield code="0">http://rdaregistry.info/termList/RDAMediaType/1007</subfield>
            <subfield code="2">rdamedia</subfield>
        </datafield>
        <datafield tag="338" ind1=" " ind2=" ">
            <subfield code="a">volume</subfield>
            <subfield code="0">http://rdaregistry.info/termList/RDACarrierType/1001</subfield>
            <subfield code="2">rdacarrier</subfield>
        </datafield>
        <datafield tag="380" ind1=" " ind2=" ">
            <subfield code="a">novel</subfield>
            <subfield code="2">marcgt</subfield>
        </datafield>
    <datafield tag="340" ind1=" " ind2=" ">
      <subfield code="b">21 cm</subfield>
    </datafield>
    <datafield tag="490" ind1="0" ind2=" ">
      <subfield code="a">The chronicles of Narnia ;</subfield>
      <subfield code="v">1</subfield>
    </datafield>
    <datafield tag="500" ind1=" " ind2=" ">
      <subfield code="a">Originalupplaga 1955</subfield>
    </datafield>
    <datafield tag="655" ind1=" " ind2="7">
      <subfield code="a">Mellanäldersböcker</subfield>
      <subfield code="0">https://id.kb.se/term/barngf/Mellan%C3%A5ldersb%C3%B6cker</subfield>
      <subfield code="2">barngf</subfield>
    </datafield>
    <datafield tag="655" ind1=" " ind2="7">
      <subfield code="a">Barn- och ungdomslitteratur</subfield>
      <subfield code="0">https://id.kb.se/term/barngf/Barn-%20och%20ungdomslitteratur</subfield>
      <subfield code="2">barngf</subfield>
    </datafield>
    <datafield tag="655" ind1=" " ind2="7">
      <subfield code="a">Fantasy</subfield>
      <subfield code="0">https://id.kb.se/term/barngf/Fantasy</subfield>
      <subfield code="2">barngf</subfield>
    </datafield>
    <datafield tag="655" ind1=" " ind2="4">
      <subfield code="0">https://id.kb.se/marc/FictionNotFurtherSpecified</subfield>
    </datafield>
    <datafield tag="700" ind1="1" ind2=" ">
      <subfield code="a">Baynes, Pauline</subfield>
      <subfield code="4">ill</subfield>
      <subfield code="0">https://libris.kb.se/75kns59r203r687#it</subfield>
    </datafield>
    <datafield tag="800" ind1="1" ind2=" ">
            <subfield code="a">Lewis, C. S.</subfield>
            <subfield code="d">1898-1963.</subfield>
            <subfield code="t">The Chronicles of Narnia.</subfield>
            <subfield code="l">eng ;</subfield>
            <subfield code="0">http://viaf.org/viaf/306402015</subfield>
        </datafield>
    <datafield tag="841" ind1=" " ind2=" ">
      <subfield code="5">BOKR</subfield>
      <subfield code="a">x  a</subfield>
      <subfield code="b">171009||0000|||||000||||||000000</subfield>
      <subfield code="e">1</subfield>
    </datafield>
    <datafield tag="852" ind1=" " ind2=" ">
      <subfield code="5">BOKR</subfield>
      <subfield code="b">BOKR</subfield>
    </datafield>
  </record>