
  <record>
    <leader>00556cam a22001930  450 </leader>
    <controlfield tag="001">43954393</controlfield>
    <controlfield tag="005">20070329104208.0</controlfield>
    <controlfield tag="008">000000s2006    xxu           00| f eng d</controlfield>
    <datafield tag="020" ind1=" " ind2=" ">
      <subfield code="a">0786856866 ((hardcover))</subfield>
      <subfield code="c">$17,95</subfield>
    </datafield>
    <datafield tag="084" ind1=" " ind2=" ">
      <subfield code="a">83.8</subfield>
      <subfield code="2">z</subfield>
    </datafield>
    <datafield tag="100" ind1="1" ind2=" ">
      <subfield code="a">Riordan, Rick.</subfield>
      <subfield code="0">https://viaf.org/viaf/60214017/</subfield>
    </datafield>
    <datafield tag="240" ind1="1" ind2=" ">
     <subfield code="a">The sea of monsters</subfield>
     <subfield code="0">https://viaf.org/viaf/309312232/</subfield>
    </datafield>
    <datafield tag="245" ind1="1" ind2="4">
      <subfield code="a">The sea of monsters /</subfield>
      <subfield code="c">Rick Riordan</subfield>
    </datafield>
    <datafield tag="250" ind1=" " ind2=" ">
      <subfield code="a">1. edition.</subfield>
    </datafield>
    <datafield tag="260" ind1=" " ind2=" ">
      <subfield code="a">New York :</subfield>
      <subfield code="b">Miramax,</subfield>
      <subfield code="c">2006.</subfield>
    </datafield>
    <datafield tag="300" ind1=" " ind2=" ">
      <subfield code="a">279 sider.</subfield>
    </datafield>
    <datafield tag="336" ind1=" " ind2=" ">
      <subfield code="a">text</subfield>
      <subfield code="b">t</subfield>
      <subfield code="0">http://rdaregistry.info/termList/RDAContentType/1020 </subfield>
      <subfield code="2">rdacontent</subfield>
    </datafield>
    <datafield tag="337" ind1=" " ind2=" ">
      <subfield code="a">unmediated</subfield>
      <subfield code="b">um</subfield>
      <subfield code="0">http://rdaregistry.info/termList/RDAMediaType/1001 </subfield>
      <subfield code="2">rdacontent</subfield>
    </datafield>
    <datafield tag="338" ind1=" " ind2=" ">
      <subfield code="b">nb</subfield>
      <subfield code="2">rdacontent</subfield>
    </datafield>
    <datafield tag="440" ind1=" " ind2=" ">
      <subfield code="a">Hyperion books for children</subfield>
    </datafield>
    <datafield tag="520" ind1="8" ind2=" ">
      <subfield code="a">Fantasy-roman.</subfield>
    </datafield>
    <datafield tag="534" ind1=" " ind2=" ">
      <subfield code="a">Originaludgave: 2006.</subfield>
    </datafield>
    <datafield tag="800" ind1="0" ind2="">
      <subfield code="a">Riordan, Rick</subfield>
      <subfield code="d">1964-</subfield>
      <subfield code="t">Percy Jackson and the olympians</subfield>
      <subfield code="v">bk.2</subfield>
      <subfield code="0">https://viaf.org/viaf/60214017/#Riordan,_Rick</subfield>
      <subfield code="4">aut</subfield>
    </datafield>
  </record>