
  <record>
    <leader>00501cam a22001690  450 </leader>
    <controlfield tag="001">44224550</controlfield>
    <controlfield tag="005">20071025120949.0</controlfield>
    <controlfield tag="008">000000s2007    xxu           00| f eng d</controlfield>
    <datafield tag="020" ind1=" " ind2=" ">
      <subfield code="c">$17,95</subfield>
      <subfield code="z">1423101456</subfield>
    </datafield>
    <datafield tag="084" ind1=" " ind2=" ">
      <subfield code="a">83.8</subfield>
      <subfield code="2">z</subfield>
    </datafield>
    <datafield tag="100" ind1="1" ind2=" ">
      <subfield code="a">Riordan, Rick</subfield>
      <subfield code="0">https://viaf.org/viaf/60214017/#Riordan,_Rick</subfield>
      <subfield code="4">aut</subfield>
    </datafield>
    <datafield tag="240" ind1="1" ind2=" ">
       <subfield code="a">The titan's curse</subfield>
       <subfield code="0">https://viaf.org/viaf/252512938/#Riordan,_Rick._|_The_Titan's_curse._|_Svenska</subfield> 
    </datafield>
    <datafield tag="245" ind1="1" ind2="4">
      <subfield code="a">The titans's curse /</subfield>
      <subfield code="c">Riordan, Rick.</subfield>
    </datafield>
    <datafield tag="250" ind1=" " ind2=" ">
      <subfield code="a">1. edition.</subfield>
    </datafield>
    <datafield tag="260" ind1=" " ind2=" ">
      <subfield code="a">New York :</subfield>
      <subfield code="b">Miramax :</subfield>
      <subfield code="b">Hyperion books for children,</subfield>
      <subfield code="c">2007.</subfield>
    </datafield>
    <datafield tag="336" ind1=" " ind2=" ">
      <subfield code="a">text</subfield>
      <subfield code="b">t</subfield>
      <subfield code="0">http://rdaregistry.info/termList/RDAContentType/1020</subfield>
      <subfield code="2">rdacontent</subfield>
    </datafield>
    <datafield tag="337" ind1=" " ind2=" ">
      <subfield code="a">unmediated</subfield>
      <subfield code="b">um</subfield>
      <subfield code="0">http://rdaregistry.info/termList/RDAMediaType/1001 </subfield>
      <subfield code="2">rdacontent</subfield>
      <subfield code="3">liner notes</subfield>
    </datafield>
    <datafield tag="338" ind1=" " ind2=" ">
      <subfield code="b">nb</subfield>
      <subfield code="2">rdacontent</subfield>
      <subfield code="3">liner notes</subfield>
    </datafield>
    <datafield tag="500" ind1=" " ind2=" ">
      <subfield code="a">Fantasy-roman.</subfield>
    </datafield>
    <datafield tag="534" ind1=" " ind2=" ">
      <subfield code="a">Originaludgave: 2007.</subfield>
    </datafield>
    <datafield tag="800" ind1="0" ind2="">
      <subfield code="a">Riordan, Rick</subfield>
      <subfield code="d">1964-</subfield>
      <subfield code="t">Percy Jackson and the olympians</subfield>
      <subfield code="v">bk.3</subfield>
      <subfield code="0">https://viaf.org/viaf/60214017/#Riordan,_Rick</subfield>
      <subfield code="4">aut</subfield>
    </datafield>
  </record>