
  <record>
    <leader>00845cam a22002050  450 </leader>
    <controlfield tag="001">44594463</controlfield>
    <controlfield tag="005">20170426184503.0</controlfield>
    <controlfield tag="008">000000s2008    xxu           00| f eng d</controlfield>
    <datafield tag="020" ind1=" " ind2=" ">
      <subfield code="c">$12,99</subfield>
      <subfield code="z">0-545-06039-7</subfield>
    </datafield>
    <datafield tag="084" ind1=" " ind2=" ">
      <subfield code="a">83.8</subfield>
      <subfield code="2">z</subfield>
    </datafield>
    <datafield tag="100" ind1="1" ind2=" ">
      <subfield code="a">Riordan, Rick.</subfield>
      <subfield code="0">https://viaf.org/viaf/60214017/#Riordan,_Rick</subfield> 
      <subfield code="4">aut</subfield>
    </datafield>
    <datafield tag="240" ind1="1" ind2=" ">
      <subfield code="a">The maze of bones</subfield>
      <subfield code="l">eng</subfield>
      <subfield code="0">https://viaf.org/viaf/307868126/#Riordan,_Rick._|_Maze_of_bones._|</subfield>
    </datafield>
    <datafield tag="245" ind1="1" ind2="4">
      <subfield code="a">The maze of bones /</subfield>
      <subfield code="c">Riordan, Rick</subfield>
    </datafield>
    <datafield tag="250" ind1=" " ind2=" ">
      <subfield code="a">1. edition.</subfield>
    </datafield>
    <datafield tag="260" ind1=" " ind2=" ">
      <subfield code="a">New York :</subfield>
      <subfield code="b">Scolastic,</subfield>
      <subfield code="c">2008.</subfield>
    </datafield>
    <datafield tag="300" ind1=" " ind2=" ">
      <subfield code="a">220 sider +</subfield>
      <subfield code="e">6 game cards.</subfield>
    </datafield>
    <datafield tag="336" ind1=" " ind2=" ">
      <subfield code="a">text</subfield>
      <subfield code="b">t</subfield>
      <subfield code="0">http://rdaregistry.info/termList/RDAContentType/1020</subfield> 
      <subfield code="2">rdacontent</subfield>
    </datafield>
    <datafield tag="337" ind1=" " ind2=" ">
      <subfield code="a">unmediated</subfield>
      <subfield code="b">um</subfield>
      <subfield code="0">http://rdaregistry.info/termList/RDAMediaType/1001 </subfield>
      <subfield code="2">rdacontent</subfield>
      <subfield code="3">liner notes</subfield>
    </datafield>
    <datafield tag="338" ind1=" " ind2=" ">
      <subfield code="b">nb</subfield>
      <subfield code="2">rdacontent</subfield>
      <subfield code="3">liner notes</subfield>
    </datafield>
    <datafield tag="520" ind1="8" ind2=" ">
      <subfield code="a">Roman.</subfield>
    </datafield>
    <datafield tag="520" ind1="8" ind2=" ">
      <subfield code="a">At the reading of their grandmother's will, Dan and Amy Cahill are given the choice of receiving a million dollars or uncovering the 39 clues hidden around the world that will lead to the source of the family's power, but by taking on the clues, they end up in a dangerous race against their own family members.</subfield>
    </datafield>
    <datafield tag="534" ind1=" " ind2=" ">
      <subfield code="a">Originaludgave: 2008.</subfield>
    </datafield>
    <datafield tag="650" ind1=" " ind2="4">
      <subfield code="a">spn̆ding.</subfield>
    </datafield>
    <datafield tag="800">
     <subfield code="a">Riordan, Rick</subfield>
     <subfield code="d">1964-</subfield>
     <subfield code="t">39 clues</subfield>
     <subfield code="v">bk.1</subfield> 
     <subfield code="0">https://viaf.org/viaf/60214017/#Riordan,_Rick</subfield>
     <subfield code="4">aut</subfield>
    </datafield>
  </record>