
  <record>
    <leader>02045ngm a22004090  450 </leader>
    <controlfield tag="001">28135777</controlfield>
    <controlfield tag="005">20160818142003.0</controlfield>
    <controlfield tag="007">vd||v||||</controlfield>
    <controlfield tag="008">000000s2010    dk                | mul d</controlfield>
    <datafield tag="024" ind1="8" ind2=" ">
      <subfield code="a">5707020417751</subfield>
    </datafield>
    <datafield tag="041" ind1="1" ind2=" ">
      <subfield code="a">eng</subfield>
      <subfield code="b">dan</subfield>
      <subfield code="b">fin</subfield>
      <subfield code="b">nor</subfield>
      <subfield code="b">spa</subfield>
      <subfield code="b">swe</subfield>
      <subfield code="b">eng</subfield>
    </datafield>
    <datafield tag="084" ind1=" " ind2=" ">
      <subfield code="a">77.7</subfield>
      <subfield code="2">z</subfield>
    </datafield>
    <datafield tag="130" ind1="0" ind2=" ">
      <subfield code="a">Percy Jackson and the lightning thief [motion picture]</subfield>
      <subfield code="0"> https://viaf.org/viaf/221443731/</subfield>
    </datafield>
    <datafield tag="245" ind1="0" ind2="0">
      <subfield code="a">Percy Jackson og lyntyven =</subfield>
      <subfield code="b">Percy Jackson and the lightning thief /</subfield>
      <subfield code="c">director of photography Stephen Goldblatt ; produced by Karen Rosenfelt ... [et al.] ; based upon the novel by https://viaf.org/viaf/60214017/#Riordan,_Rick ; screenplay by Craig Titley ; directed by Chris Columbus.</subfield>
    </datafield>
    <datafield tag="260" ind1=" " ind2=" ">
      <subfield code="a">[Kbh.] :</subfield>
      <subfield code="b">SF Film,</subfield>
      <subfield code="c">2010.</subfield>
    </datafield>
    <datafield tag="300" ind1=" " ind2=" ">
      <subfield code="a">1 dvd-video (ca. 119 min.)</subfield>
    </datafield>
    <datafield tag="336" ind1=" " ind2=" "> 
      <subfield code="a">two-dimensional moving image</subfield> 
      <subfield code="b">tdi</subfield> 
      <subfield code="2">rdacontent</subfield> 
    </datafield> 
    <datafield tag="337" ind1=" " ind2=" "> 
      <subfield code="a">video</subfield> 
      <subfield code="b">v</subfield> 
      <subfield code="2">rdamedia</subfield> 
    </datafield> 
    <datafield tag="338" ind1=" " ind2=" "> 
            <subfield code="a">videodisc</subfield> 
            <subfield code="b">vd</subfield> 
            <subfield code="2">rdacarrier</subfield> 
        </datafield> 
    <datafield tag="380" ind1=" " ind2=" "> 
      <subfield code="a">Motion picture</subfield> 
      <subfield code="0">http://id.loc.gov/vocabulary/marcgt/mot</subfield> 
      <subfield code="2">marcgt</subfield> 
    </datafield> 
    <datafield tag="500" ind1=" " ind2=" ">
      <subfield code="a">F1-SDKR DFL 80041775.</subfield>
    </datafield>
    <datafield tag="500" ind1=" " ind2=" ">
      <subfield code="a">Titel p ̄dvd-etiketten: Percy Jackson and the olympians - the lightning thief.</subfield>
    </datafield>
    <datafield tag="500" ind1=" " ind2=" ">
      <subfield code="a">Medvirkende: Logan Lerman, Brandon T. Jackson, Alexandra Daddario, Jake Abel, Sean Bean, Pierce Brosnan, Steve Coogan, Rosario Dawson, Melina Kanakaredes ... et al..</subfield>
    </datafield>
    <datafield tag="500" ind1=" " ind2=" ">
      <subfield code="a">Originalfilmen: USA : Fox 2000 Pictures : in association with Dune Entertainment : 1492 Pictures : Sunswept Entertainment ... et al., 2010.</subfield>
    </datafield>
    <datafield tag="520" ind1="8" ind2=" ">
      <subfield code="a">Percy Jackson har det ikke nemt i skolen, men i virkeligheden er Percy sn̜ af guden Poseidon. Og det bliver denne lettere kiksede skoleelev, der skal finde Zeus' lynkile, som han uretms̆sigt bliver beskyldt for at have stjl̄et. Og samtidig sikre verdensfreden.</subfield>
    </datafield>
    <datafield tag="521" ind1="8" ind2=" ">
      <subfield code="a">Mr̆kning: Tilladt for br̜n over 11 r̄.</subfield>
    </datafield>
    <datafield tag="521" ind1="8" ind2=" ">
      <subfield code="a">Fra 11 r̄.</subfield>
    </datafield>
    <datafield tag="546" ind1=" " ind2=" ">
      <subfield code="a">Engelsk tale, samt synkronisering p ̄spansk.</subfield>
    </datafield>
    <datafield tag="546" ind1=" " ind2=" ">
      <subfield code="a">Undertekster på dansk, finsk, norsk, spansk og svensk.</subfield>
    </datafield>
    <datafield tag="546" ind1=" " ind2=" ">
      <subfield code="a">Tekstet for hr̜ehm̆mede p ̄engelsk.</subfield>
    </datafield>
    <datafield tag="546" ind1=" " ind2=" ">
      <subfield code="a">Fortalt for synshandicappede p ̄engelsk.</subfield>
    </datafield>
    <datafield tag="650" ind1=" " ind2="4">
      <subfield code="a">adventurefilm.</subfield>
    </datafield>
    <datafield tag="650" ind1=" " ind2="4">
      <subfield code="a">helte.</subfield>
    </datafield>
    <datafield tag="650" ind1=" " ind2="4">
      <subfield code="a">græske guder.</subfield>
    </datafield>
    <datafield tag="650" ind1=" " ind2="4">
      <subfield code="a">grs̆ke helte.</subfield>
    </datafield>
    <datafield tag="650" ind1=" " ind2="4">
      <subfield code="a">far søn forholdet.</subfield>
    </datafield>
    <datafield tag="700" ind1="1" ind2=" ">
      <subfield code="a">Riordan, Rick</subfield>
      <subfield code="d">1964</subfield>
      <subfield code="e">author of book</subfield>
      <subfield code="0">https://viaf.org/viaf/60214017/</subfield>
      <subfield code="4">aut</subfield>
      </datafield>
    <datafield tag="700" ind1="1" ind2=" ">
      <subfield code="a">Columbus, Chris,</subfield>
      <subfield code="d">f. 1958.</subfield>
      <subfield code="e">director of photography</subfield>
      <subfield code="0">https://viaf.org/viaf/119396580/</subfield>
      <subfield code="4">drt</subfield>
    </datafield>
    <datafield tag="700" ind1="1" ind2=" ">
      <subfield code="a">Riordan, Rick</subfield>
      <subfield code="d">1964-</subfield>
      <subfield code="i">Adaptation of Work</subfield>
      <subfield code="t">The lightning thief</subfield>
      <subfield code="0">https://viaf.org/viaf/309352190/#Riordan,_Rick._|_Lightning_thief</subfield>
      <subfield code="4">http://rdaregistry.info/Elements/w/adaptationOfWork.en</subfield>
    </datafield>
    <datafield tag="740" ind1="0" ind2=" ">
      <subfield code="a">Percy Jackson and the lightning thief.</subfield>
    </datafield>
  </record>