
  <record>
    <leader>00653cim a22002170  450 </leader>
    <controlfield tag="001">44796228</controlfield>
    <controlfield tag="005">20100429141407.0</controlfield>
    <controlfield tag="007">s|||||||||||||</controlfield>
    <controlfield tag="008">000000s2006    xxu               | eng d</controlfield>
    <datafield tag="020" ind1=" " ind2=" ">
      <subfield code="c">$37,00</subfield>
    </datafield>
    <datafield tag="084" ind1=" " ind2=" ">
      <subfield code="a">83.8</subfield>
      <subfield code="2">z</subfield>
    </datafield>
    <datafield tag="100" ind1="1" ind2=" ">
      <subfield code="a">https://viaf.org/viaf/60214017/#Riordan,_Rick.</subfield>
    </datafield>
    <datafield tag="240" ind1="" ind2="">
      <subfield code="a">The sea of monsters</subfield>
      <subfield code="0"/>
    </datafield>
    <datafield tag="245" ind1="1" ind2="4">
      <subfield code="a">The sea of monsters /</subfield>
      <subfield code="c">Riordan, Rick; read by Jesse Bernstein.</subfield>
    </datafield>
    <datafield tag="260" ind1=" " ind2=" ">
      <subfield code="a">New York :</subfield>
      <subfield code="b">Listening Library,</subfield>
      <subfield code="c">2006.</subfield>
    </datafield>
    <datafield tag="300" ind1=" " ind2=" ">
      <subfield code="a">7 cd'er (7 t., 56 min.)</subfield>
    </datafield>
    <datafield tag="336" ind1=" " ind2=" "> 
      <subfield code="a">spoken word</subfield> 
      <subfield code="0">http://rdaregistry.info/termList/RDAContentType/1013</subfield> 
      <subfield code="2">rdacontent</subfield> 
    </datafield> 
    <datafield tag="337" ind1=" " ind2=" "> 
      <subfield code="a">audio</subfield> 
      <subfield code="0">http://rdaregistry.info/termList/RDAMediaType/1001</subfield> 
      <subfield code="2">rdamedia</subfield> 
    </datafield> 
    <datafield tag="338" ind1=" " ind2=" "> 
      <subfield code="a">computerdisc</subfield> 
      <subfield code="0">http://rdaregistry.info/termList/RDACarrierType/1013</subfield> 
      <subfield code="2">rdacarrier</subfield> 
    </datafield> 
    <datafield tag="380" ind1=" " ind2=" "> 
      <subfield code="a">fiction</subfield> .  
      <subfield code="0">http://id.loc.gov/vocabulary/marcgt/fic</subfield>  
      <subfield code="2">marcgt</subfield> 
    </datafield>
    <datafield tag="440" ind1=" " ind2=" ">
      <subfield code="a">Percy Jackson and the Olympians ;</subfield>
      <subfield code="v">book 2</subfield>
    </datafield>
    <datafield tag="500" ind1=" " ind2=" ">
      <subfield code="a">P ̄omslaget: Unabridged.</subfield>
    </datafield>
    <datafield tag="520" ind1="8" ind2=" ">
      <subfield code="a">Fantasy-roman.</subfield>
    </datafield>
    <datafield tag="534" ind1=" " ind2=" ">
      <subfield code="a">Gengivelse af bogen.</subfield>
    </datafield>
    <datafield tag="534" ind1=" " ind2=" ">
      <subfield code="a">Bogens originaludgave: 2006.</subfield>
    </datafield>
    <datafield tag="700" ind1="1" ind2=" ">
      <subfield code="a">Bernstein, Jesse.</subfield>
      <subfield code="d">1974-</subfield>
      <subfield code="e">narrator</subfield>
      <subfield code="0">https://www.imdb.com/name/nm0077074/</subfield>
      <subfield code="4">nrt</subfield>
    </datafield>
    <datafield tag="700" ind1="1" ind2="">
      <subfield code="a">Riordan, Rick</subfield>
      <subfield code="d">1964-</subfield>
      <subfield code="i">audio recording of work</subfield>
      <subfield code="4">http://rdaregistry.info/Elements/w/AdaptationOfWork.en</subfield>
    </datafield>
  </record>