
  <record>
    <leader>00450cam a22001690  450 </leader>
    <controlfield tag="001">26194679</controlfield>
    <controlfield tag="005">20070403131945.0</controlfield>
    <controlfield tag="008">000000s2005    uik           00| f eng d</controlfield>
    <datafield tag="020" ind1=" " ind2=" ">
      <subfield code="a">0141381477</subfield>
      <subfield code="c">Đ12,99</subfield>
    </datafield>
    <datafield tag="084" ind1=" " ind2=" ">
      <subfield code="a">83.8</subfield>
      <subfield code="2">z</subfield>
    </datafield>
    <datafield tag="100" ind1="1" ind2=" ">
      <subfield code="a">Riordan, Rick </subfield>
      <subfield code="0">https://viaf.org/viaf/60214017/#Riordan,_Rick</subfield>
    </datafield>
    <datafield tag="240" ind1="">
      <subfield code="a">the lightning thief</subfield> 
      <subfield code="0">https://viaf.org/viaf/309352190/#Riordan,_Rick._|_Lightning_thief</subfield>
    </datafield>
    <datafield tag="245" ind1="1" ind2="4">
      <subfield code="a">The lightning thief</subfield>
      <subfield code="c">Riordan, Rick</subfield>
    </datafield>
    <datafield tag="260" ind1=" " ind2=" ">
      <subfield code="a">London :</subfield>
      <subfield code="b">Puffin,</subfield>
      <subfield code="c">2005.</subfield>
    </datafield>
    <datafield tag="300" ind1=" " ind2=" ">
      <subfield code="a">374 sider.</subfield>
    </datafield>
    <datafield tag="336" ind1=" " ind2=" ">
      <subfield code="a">text</subfield>
      <subfield code="b">t</subfield>
      <subfield code="0">http://rdaregistry.info/termList/RDAContentType/1020 </subfield>
      <subfield code="2">rdacontent</subfield>
    </datafield>
    <datafield tag="337" ind1=" " ind2=" ">
      <subfield code="a">unmediated</subfield>
      <subfield code="b">um</subfield>
      <subfield code="0">http://rdaregistry.info/termList/RDAMediaType/1001 </subfield>
      <subfield code="2">rdacontent</subfield>
    </datafield>
    <datafield tag="338" ind1=" " ind2=" ">
      <subfield code="b">nb</subfield>
      <subfield code="2">rdacontent</subfield>
    </datafield>
    <datafield tag="380" ind1=" " ind2=" "> 
      <subfield code="a">novel</subfield>  <!-- eller annet som passer med posten din, f.eks. biography ($0: marcgt/bio) --> 
      <subfield code="0">http://id.loc.gov/vocabulary/marcgt/nov</subfield> 
      <subfield code="2">marcgt</subfield> 
    </datafield> 
    <datafield tag="440" ind1=" " ind2=" ">
      <subfield code="a">Percy Jackson and the Olympians</subfield>
    </datafield>
    <datafield tag="440" ind1=" " ind2=" ">
      <subfield code="a">A Puffin book</subfield>
    </datafield>
    <datafield tag="520" ind1="8" ind2=" ">
      <subfield code="a">Fantasy-roman.</subfield>
    </datafield>
      <datafield tag="800" ind1="0" ind2="">
      <subfield code="a">Riordan, Rick</subfield>
      <subfield code="d">1964-</subfield>
      <subfield code="t">Percy Jackson and the olympians</subfield>
      <subfield code="v">bk.1</subfield>
      <subfield code="0">https://viaf.org/viaf/60214017/#Riordan,_Rick</subfield>
      <subfield code="4">aut</subfield>
    </datafield>
  </record>