
  <record>
    <leader>00514cam a22001810  450 </leader>
    <controlfield tag="001">44471574</controlfield>
    <controlfield tag="005">20081016142103.0</controlfield>
    <controlfield tag="008">000000s2008    xxu           00| f eng d</controlfield>
    <datafield tag="020" ind1=" " ind2=" ">
      <subfield code="c">$17,99</subfield>
    </datafield>
    <datafield tag="084" ind1=" " ind2=" ">
      <subfield code="a">83.8</subfield>
      <subfield code="2">z</subfield>
    </datafield>
    <datafield tag="100" ind1="1" ind2=" ">
      <subfield code="a">Riordan, Rick.</subfield>
      <subfield code="0">https://viaf.org/viaf/60214017/#Riordan,_Rick</subfield>
      <subfield code="4">aut</subfield>
    </datafield>
    <datafield tag="240" ind1="1" ind2=" ">
      <subfield code="a">the battle of the labyrinth</subfield>
      <subfield code="l">eng</subfield>
      <subfield code="0">https://viaf.org/viaf/309333618/#Riordan,_Rick_1964-_|_˜Theœ_battle_of_the_labyrinth</subfield>
    </datafield>
    <datafield tag="245" ind1="1" ind2="4">
      <subfield code="a">The battle of the labyrinth /</subfield>
      <subfield code="c">Riordan, Rick</subfield>
    </datafield>
    <datafield tag="250" ind1=" " ind2=" ">
      <subfield code="a">1. edition.</subfield>
    </datafield>
    <datafield tag="260" ind1=" " ind2=" ">
      <subfield code="a">New York :</subfield>
      <subfield code="b">Hyperion Books for Children,</subfield>
      <subfield code="c">2008.</subfield>
    </datafield>
    <datafield tag="300" ind1=" " ind2=" ">
      <subfield code="a">361 sider.</subfield>
    </datafield>
    <datafield tag="336" ind1=" " ind2=" ">
      <subfield code="a">text</subfield>
      <subfield code="b">t</subfield>
      <subfield code="0">http://rdaregistry.info/termList/RDAContentType/1020</subfield>
      <subfield code="2">rdacontent</subfield>
    </datafield>
    <datafield tag="337" ind1=" " ind2=" ">
      <subfield code="a">unmediated</subfield>
      <subfield code="b">um</subfield>
      <subfield code="0">http://rdaregistry.info/termList/RDAMediaType/1001 </subfield>
      <subfield code="2">rdacontent</subfield>
    </datafield>
    <datafield tag="338" ind1=" " ind2=" ">
      <subfield code="b">nb</subfield>
      <subfield code="2">rdacontent</subfield>
    </datafield>
    <datafield tag="500" ind1=" " ind2=" ">
      <subfield code="a">Fantasy-roman.</subfield>
    </datafield>
    <datafield tag="534" ind1=" " ind2=" ">
      <subfield code="a">Originaludgave: 2008.</subfield>
    </datafield>
   <datafield tag="800" ind1="0" ind2="">
      <subfield code="a">Riordan, Rick</subfield>
      <subfield code="d">1964-</subfield>
      <subfield code="t">Percy Jackson and the olympians</subfield>
      <subfield code="v">bk.4</subfield>
      <subfield code="0">https://viaf.org/viaf/180388515/</subfield>
      <subfield code="4">aut</subfield>
    </datafield>
  </record>