
  <record>
    <leader>00617nam a22002290  450 </leader>
    <controlfield tag="001">27910726</controlfield>
    <controlfield tag="005">20170426170128.0</controlfield>
    <controlfield tag="008">000000|        dk            00| f dan d</controlfield>
    <datafield tag="041" ind1="1" ind2=" ">
      <subfield code="a">dan</subfield>
      <subfield code="h">eng</subfield>
    </datafield>
    <datafield tag="084" ind1=" " ind2=" ">
      <subfield code="a">83.8:296</subfield>
      <subfield code="2">z</subfield>
    </datafield>
    <datafield tag="100" ind1="1" ind2=" ">
     <subfiled code="a">Riordan, Rick</subfiled>
     <subfield code="0">https://viaf.org/viaf/60214017/#Riordan,_Rick</subfield>
    </datafield>
    <datafield tag="240" ind1="1" ind2="4">
      <subfield code="a">The 39 clues.</subfield>
      <subfield code="l">dan</subfield>
      <subfield code="0">https://viaf.org/viaf/307868126/#Riordan,_Rick._|_Maze_of_bones._|</subfield>
    </datafield>
    <datafield tag="245" ind1="0" ind2="4">
      <subfield code="a">Knoglelabyrinten.</subfield>
      <subfield code="c">Riordan, Rick</subfield>
    </datafield>
    <datafield tag="250" ind1=" " ind2=" ">
      <subfield code="a">bind.</subfield>
    </datafield>
    <datafield tag="260" ind1=" " ind2=" ">
      <subfield code="a">[Kbh.] :</subfield>
      <subfield code="b">Egmont Litas,</subfield>
      <subfield code="c">2009-.</subfield>
    </datafield>
    <datafield tag="300" ind1=" " ind2=" ">
      <subfield code="a">bind.</subfield>
    </datafield>
      <datafield tag="336" ind1=" " ind2=" ">
      <subfield code="a">text</subfield>
      <subfield code="b">t</subfield>
      <subfield code="0">http://rdaregistry.info/termList/RDAContentType/1020</subfield> 
      <subfield code="2">rdacontent</subfield>
    </datafield>
    <datafield tag="337" ind1=" " ind2=" ">
      <subfield code="a">unmediated</subfield>
      <subfield code="b">n</subfield>
      <subfield code="2">rdamedia</subfield>
    </datafield>
    <datafield tag="338" ind1=" " ind2=" ">
      <subfield code="a">volume</subfield>
      <subfield code="b">nc</subfield>
      <subfield code="2">rdacarrier</subfield>
      <datafield tag="380" ind1=" " ind2=" "/>
        <subfield code="a">novel</subfield>
        <subfield code="0">http://id.loc.gov/vocabulary/marcgt/nov</subfield>
        <subfield code="2">marcgt</subfield>
    </datafield>
    <datafield tag="500" ind1=" " ind2=" ">
      <subfield code="a">Hertil findes kortpakker med supplerende samlekort.</subfield>
    </datafield>
    <datafield tag="500" ind1=" " ind2=" ">
      <subfield code="a">Hertil findes supplerende materiale p ̄bg̜ernes hjemmeside.</subfield>
    </datafield>
    <datafield tag="505" ind1="8" ind2=" ">
      <subfield code="g">Bog 1.</subfield>
      <subfield code="t">Knoglelabyrinten.</subfield>
    </datafield>
    <datafield tag="650" ind1=" " ind2="4">
      <subfield code="a">spn̆ding.</subfield>
    </datafield>
    <datafield tag="650" ind1=" " ind2="4">
      <subfield code="a">slğt.</subfield>
    </datafield>
    <datafield tag="650" ind1=" " ind2="4">
      <subfield code="a">magt.</subfield>
    </datafield>
    <datafield tag="650" ind1=" " ind2="4">
      <subfield code="a">fantasy.</subfield>
   </datafield>
    <datafield tag="800">
     <subfield code="a">Riordan, Rick</subfield>
     <subfield code="d">1964-</subfield>
     <subfield code="t">39 clues</subfield>
     <subfield code="v">bk.1</subfield> 
     <subfield code="0">https://viaf.org/viaf/60214017/#Riordan,_Rick</subfield>
     <subfield code="4">aut</subfield>
    </datafield>
  </record>