
  <record>
    <leader>04362cam a2200793 i 4500</leader>
    <controlfield tag="001">lvh4vsg1j4295nmk</controlfield>
    <controlfield tag="003">LIBRIS</controlfield>
    <controlfield tag="005">20190313152548.0</controlfield>
    <controlfield tag="008">190313t20182018mauabfj|||||||000 f|eng| </controlfield>
    <datafield tag="020" ind1=" " ind2=" ">
      <subfield code="a">9781328613042</subfield>
      <subfield code="q">hardcover</subfield>
    </datafield>
    <datafield tag="020" ind1=" " ind2=" ">
      <subfield code="a">1328613046</subfield>
      <subfield code="q">hardcover</subfield>
    </datafield>
    <datafield tag="020" ind1=" " ind2=" ">
      <subfield code="z">9781328612991</subfield>
    </datafield>
    <datafield tag="020" ind1=" " ind2=" ">
      <subfield code="q">electronic book</subfield>
      <subfield code="z">9781328612991</subfield>
    </datafield>
    <datafield tag="024" ind1="8" ind2=" ">
      <subfield code="a">40028479316</subfield>
    </datafield>
    <datafield tag="040" ind1=" " ind2=" ">
      <subfield code="a">Um</subfield>
      <subfield code="b">eng</subfield>
      <subfield code="c">DLC</subfield>
      <subfield code="d">Um</subfield>
      <subfield code="e">i</subfield>
      <subfield code="e">rda</subfield>
    </datafield>
    <datafield tag="041" ind1=" " ind2=" ">
      <subfield code="a">eng</subfield>
    </datafield>
    <datafield tag="042" ind1=" " ind2=" ">
      <subfield code="a">pcc</subfield>
    </datafield>
    <datafield tag="082" ind1="0" ind2="0">
      <subfield code="a">823/.912</subfield>
      <subfield code="2">23</subfield>
    </datafield>
    <datafield tag="100" ind1="1" ind2=" ">
      <subfield code="a">Tolkien, J. R. R.</subfield>
      <subfield code="q">(John Ronald Reuel),</subfield>
      <subfield code="d">1892-1973</subfield>
      <subfield code="e">author.</subfield>
      <subfield code="4">aut</subfield>
      <subfield code="0">https://viaf.org/viaf/95218067/</subfield>
    </datafield>
    <datafield tag="245" ind1="1" ind2="4">
      <subfield code="a">The fall of Gondolin /</subfield>
      <subfield code="c">by J.R.R. Tolkien ; edited by Christopher Tolkien ; with illustrations by Alan Lee.</subfield>
    </datafield>
    <datafield tag="250" ind1=" " ind2=" ">
      <subfield code="a">First U.S. edition.</subfield>
    </datafield>
    <datafield tag="264" ind1=" " ind2="1">
      <subfield code="a">Boston :</subfield>
      <subfield code="b">Houghton Mifflin Harcourt,</subfield>
      <subfield code="c">2018</subfield>
    </datafield>
    <datafield tag="264" ind1=" " ind2="4">
      <subfield code="c">♭2018</subfield>
    </datafield>
    <datafield tag="300" ind1=" " ind2=" ">
      <subfield code="a">302 pages, 4 unnumbered leaves of plates</subfield>
      <subfield code="b">illustrations (chiefly color), map (foldout), genealogical table</subfield>
      <subfield code="c">22 cm</subfield>
    </datafield>
    <datafield tag="336" ind1=" " ind2=" ">
      <subfield code="a">text</subfield>
      <subfield code="b">txt</subfield>
      <subfield code="2">rdacontent</subfield>
    </datafield>
    <datafield tag="337" ind1=" " ind2=" ">
      <subfield code="a">unmediated</subfield>
      <subfield code="b">n</subfield>
      <subfield code="2">rdamedia</subfield>
    </datafield>
    <datafield tag="338" ind1=" " ind2=" ">
      <subfield code="a">volume</subfield>
      <subfield code="b">nc</subfield>
      <subfield code="2">rdacarrier</subfield>
    </datafield>
     <datafield tag="380" ind1=" " ind2=" "> 
      <subfield code="a">novel</subfield>
      <subfield code="0">http://id.loc.gov/vocabulary/marcgt/nov</subfield> 
      <subfield code="2">marcgt</subfield> 
    </datafield> 
    <datafield tag="340" ind1=" " ind2=" ">
      <subfield code="b">22 cm</subfield>
    </datafield>
    <datafield tag="490" ind1="1" ind2=" ">
      <subfield code="a">Middle-Earth Universe</subfield>
    </datafield>
    <datafield tag="504" ind1=" " ind2=" ">
      <subfield code="a">Includes bibliographical references (pages 287-300).</subfield>
    </datafield>
    <datafield tag="505" ind1="8" ind2=" ">
      <subfield code="a">Prologue -- The original tale -- The earliest text -- Turlin and the exiles of Gondolin -- The story told in the Sketch of the mythology -- The story told in the Quenta Noldorinwa -- The last version -- The evolution of the story -- Conclusion.</subfield>
    </datafield>
    <datafield tag="520" ind1=" " ind2=" ">
      <subfield code="a">Evil Morgoth rules over a vast military power from his fortress of Angband. Ulmo, the Lord of Waters, opposes him. Central to this enmity of the gods is the city of Gondolin, built and peopled by Noldorin Elves who rebelled against their rule and fled to Middle-earth. Into this world comes Tuor, cousin of Tr︢in. Guided unseen by Ulmo, Tuor sets out from the land of his birth on the fearful journey to Gondolin. The story -- only ninety-five pages long-- is accompanied by variant forms as well as essays and commentaries on Tolkien's work and on the source material.</subfield>
    </datafield>
    <datafield tag="520" ind1=" " ind2=" ">
      <subfield code="a">The final work of J.R.R. Tolkien's Middle-earth fiction, completing Christopher Tolkien's life-long achievement as the editor and curator of his father's manuscripts.</subfield>
    </datafield>
    <datafield tag="599" ind1=" " ind2=" ">
      <subfield code="a">Imported from: zcat.oclc.org:210/OLUCWorldCat (Do not remove)</subfield>
    </datafield>
    <datafield tag="650" ind1=" " ind2="7">
      <subfield code="a">Gudar</subfield>
      <subfield code="0">https://id.kb.se/term/sao/Gudar</subfield>
      <subfield code="2">sao</subfield>
    </datafield>
    <datafield tag="650" ind1=" " ind2="0">
      <subfield code="a">Middle Earth (Imaginary place)</subfield>
      <subfield code="v">Fiction.</subfield>
    </datafield>
    <datafield tag="650" ind1=" " ind2="0">
      <subfield code="a">Elves</subfield>
      <subfield code="v">Fiction.</subfield>
    </datafield>
    <datafield tag="650" ind1=" " ind2="0">
      <subfield code="a">Gods</subfield>
    </datafield>
    <datafield tag="655" ind1=" " ind2="7">
      <subfield code="a">Fantasy</subfield>
      <subfield code="0">https://id.kb.se/term/saogf/Fantasy</subfield>
      <subfield code="2">saogf</subfield>
    </datafield>
    <datafield tag="700" ind1="1" ind2=" ">
      <subfield code="a">Tolkien, Christopher</subfield>
      <subfield code="d">1924-</subfield>
      <subfield code="e">editor.</subfield>
      <subfield code="0">https://viaf.org/viaf/12315790/</subfield>
      <subfield code="4">edt</subfield>
    </datafield>
    <datafield tag="700" ind1="1" ind2=" ">
      <subfield code="a">Lee, Alan</subfield>
      <subfield code="0">1947-</subfield>
      <subfield code="e">illustrator.</subfield>
      <subfield code="0">https://viaf.org/viaf/112458453/</subfield>
      <subfield code="4">ill</subfield>
    </datafield>
    <datafield tag="830" ind1=" " ind2="0">
      <subfield code="a">Middle-Earth Universe</subfield>
    </datafield>
    <datafield tag="841" ind1=" " ind2=" ">
      <subfield code="5">Um</subfield>
      <subfield code="a">x  a</subfield>
      <subfield code="b">190313||0000|||||000||||||000000</subfield>
      <subfield code="e">|</subfield>
    </datafield>
    <datafield tag="852" ind1=" " ind2=" ">
      <subfield code="5">Um</subfield>
      <subfield code="b">Um</subfield>
      <subfield code="h">Roman</subfield>
    </datafield>
    <datafield tag="887" ind1=" " ind2=" ">
      <subfield code="a">{"@id":"lvh4vsg1j4295nmk","modified":"2019-03-13T15:25:48.168+01:00","checksum":"187059517382"}</subfield>
      <subfield code="2">librisxl</subfield>
    </datafield>
    <datafield tag="887" ind1=" " ind2=" ">
      <subfield code="5">Um</subfield>
      <subfield code="a">{"@id":"bl7vl2pm8hnd9wsn","modified":"2019-03-13T15:26:00.046+01:00","checksum":"54629027015"}</subfield>
      <subfield code="2">librisxl</subfield>
    </datafield>
    <datafield tag="900" ind1="0" ind2="s">
      <subfield code="6">100</subfield>
      <subfield code="a"> . . .,</subfield>
      <subfield code="d">1892-1973</subfield>
      <subfield code="u">Tolkien, J. R. R.</subfield>
      <subfield code="q">(John Ronald Reuel),</subfield>
      <subfield code="d">1892-1973</subfield>
    </datafield>
    <datafield tag="900" ind1="1" ind2="s">
      <subfield code="6">100</subfield>
      <subfield code="a">Tolkien, John Ronald Reuel,</subfield>
      <subfield code="d">1892-1973</subfield>
      <subfield code="u">Tolkien, J. R. R.</subfield>
      <subfield code="q">(John Ronald Reuel),</subfield>
      <subfield code="d">1892-1973</subfield>
    </datafield>
    <datafield tag="900" ind1="1" ind2="s">
      <subfield code="6">100</subfield>
      <subfield code="a">Tolkien, John R. R.,</subfield>
      <subfield code="d">1892-1973</subfield>
      <subfield code="u">Tolkien, J. R. R.</subfield>
      <subfield code="q">(John Ronald Reuel),</subfield>
      <subfield code="d">1892-1973</subfield>
    </datafield>
    <datafield tag="900" ind1="1" ind2="s">
      <subfield code="6">100</subfield>
      <subfield code="a">Tolkin, Dzjon R. R.,</subfield>
      <subfield code="d">1892-1973</subfield>
      <subfield code="u">Tolkien, J. R. R.</subfield>
      <subfield code="q">(John Ronald Reuel),</subfield>
      <subfield code="d">1892-1973</subfield>
    </datafield>
    <datafield tag="900" ind1="1" ind2="s">
      <subfield code="6">100</subfield>
      <subfield code="a">Talkin, Ji. Ar. Ar.</subfield>
      <subfield code="d">1892-1973</subfield>
      <subfield code="u">Tolkien, J. R. R.</subfield>
      <subfield code="q">(John Ronald Reuel),</subfield>
      <subfield code="d">1892-1973</subfield>
    </datafield>
    <datafield tag="950" ind1=" " ind2="s">
      <subfield code="6">650</subfield>
      <subfield code="a">Gudomligheter</subfield>
      <subfield code="u">Gudar</subfield>
    </datafield>
    <datafield tag="950" ind1=" " ind2="k">
      <subfield code="6">650</subfield>
      <subfield code="w">h</subfield>
      <subfield code="a">Buddhistiska gudar</subfield>
      <subfield code="u">Gudar</subfield>
    </datafield>
    <datafield tag="950" ind1=" " ind2="k">
      <subfield code="6">650</subfield>
      <subfield code="w">h</subfield>
      <subfield code="a">Keltiska gudar</subfield>
      <subfield code="u">Gudar</subfield>
    </datafield>
    <datafield tag="950" ind1=" " ind2="k">
      <subfield code="6">650</subfield>
      <subfield code="w">h</subfield>
      <subfield code="a">Kinesiska gudar</subfield>
      <subfield code="u">Gudar</subfield>
    </datafield>
    <datafield tag="950" ind1=" " ind2="k">
      <subfield code="6">650</subfield>
      <subfield code="w">h</subfield>
      <subfield code="a">Lk̃edomsgudar</subfield>
      <subfield code="u">Gudar</subfield>
    </datafield>
    <datafield tag="950" ind1=" " ind2="k">
      <subfield code="6">650</subfield>
      <subfield code="w">h</subfield>
      <subfield code="a">Fornegyptiska gudar</subfield>
      <subfield code="u">Gudar</subfield>
    </datafield>
    <datafield tag="950" ind1=" " ind2="k">
      <subfield code="6">650</subfield>
      <subfield code="w">h</subfield>
      <subfield code="a">Sumeriska gudar</subfield>
      <subfield code="u">Gudar</subfield>
    </datafield>
    <datafield tag="950" ind1=" " ind2="k">
      <subfield code="6">650</subfield>
      <subfield code="w">h</subfield>
      <subfield code="a">Bergsgudar</subfield>
      <subfield code="u">Gudar</subfield>
    </datafield>
    <datafield tag="950" ind1=" " ind2="k">
      <subfield code="6">650</subfield>
      <subfield code="w">h</subfield>
      <subfield code="a">Grekiska gudar</subfield>
      <subfield code="u">Gudar</subfield>
    </datafield>
    <datafield tag="950" ind1=" " ind2="k">
      <subfield code="6">650</subfield>
      <subfield code="w">h</subfield>
      <subfield code="a">Hinduiska gudar</subfield>
      <subfield code="u">Gudar</subfield>
    </datafield>
    <datafield tag="950" ind1=" " ind2="k">
      <subfield code="6">650</subfield>
      <subfield code="w">h</subfield>
      <subfield code="a">Romerska gudar</subfield>
      <subfield code="u">Gudar</subfield>
    </datafield>
    <datafield tag="950" ind1=" " ind2="k">
      <subfield code="6">650</subfield>
      <subfield code="w">h</subfield>
      <subfield code="a">Fornnordiska gudar</subfield>
      <subfield code="u">Gudar</subfield>
    </datafield>
    <datafield tag="950" ind1=" " ind2="k">
      <subfield code="6">650</subfield>
      <subfield code="w">h</subfield>
      <subfield code="a">Samiska gudar</subfield>
      <subfield code="u">Gudar</subfield>
    </datafield>
    <datafield tag="950" ind1=" " ind2="k">
      <subfield code="6">650</subfield>
      <subfield code="w">h</subfield>
      <subfield code="a">Ugaritiska gudar</subfield>
      <subfield code="u">Gudar</subfield>
    </datafield>
    <datafield tag="950" ind1=" " ind2="k">
      <subfield code="6">650</subfield>
      <subfield code="a">Gudinnor</subfield>
      <subfield code="u">Gudar</subfield>
    </datafield>
    <datafield tag="955" ind1=" " ind2="s">
      <subfield code="6">655</subfield>
      <subfield code="a">Fantastisk litteratur</subfield>
      <subfield code="u">Fantasy</subfield>
    </datafield>
    <datafield tag="955" ind1=" " ind2="k">
      <subfield code="6">655</subfield>
      <subfield code="w">g</subfield>
      <subfield code="a">Skn̲litteratur</subfield>
      <subfield code="u">Fantasy</subfield>
    </datafield>
    <datafield tag="955" ind1=" " ind2="k">
      <subfield code="6">655</subfield>
      <subfield code="w">h</subfield>
      <subfield code="a">Urban fantasy</subfield>
      <subfield code="u">Fantasy</subfield>
    </datafield>
  </record>