
  <record>
    <leader>02255cam a22004577i 4500</leader>
    <controlfield tag="001">z7sw1159w685d6vl</controlfield>
    <controlfield tag="003">LIBRIS</controlfield>
    <controlfield tag="005">20190219153419.0</controlfield>
    <controlfield tag="008">190219s1955    enk|||||||||||000 ||eng|c</controlfield>
    <datafield tag="040" ind1=" " ind2=" ">
      <subfield code="a">Lsol</subfield>
      <subfield code="b">eng</subfield>
      <subfield code="c">AU@</subfield>
      <subfield code="e">i</subfield>
    </datafield>
    <datafield tag="041" ind1=" " ind2=" ">
      <subfield code="a">eng</subfield>
    </datafield>
    <datafield tag="082" ind1="0" ind2="4">
      <subfield code="a">821.1</subfield>
    </datafield>
    <datafield tag="245" ind1="0" ind2="0">
      <subfield code="a">Fourteenth century verse &amp; prose /</subfield>
      <subfield code="c">edited by Kenneth Sisam.</subfield>
    </datafield>
    <datafield tag="250" ind1=" " ind2=" ">
      <subfield code="a">[Rev. ed.].</subfield>
    </datafield>
    <datafield tag="264" ind1=" " ind2="1">
      <subfield code="a">Oxford, London :</subfield>
      <subfield code="b">Clarendon Press,</subfield>
      <subfield code="c">1955</subfield>
    </datafield>
    <datafield tag="300" ind1=" " ind2=" ">
      <subfield code="a">xlvii, 292, [168] pages</subfield>
      <subfield code="c">19 cm</subfield>
    </datafield>
    <datafield tag="336" ind1=" " ind2=" ">
      <subfield code="a">text</subfield>
      <subfield code="b">txt</subfield>
      <subfield code="2">rdacontent</subfield>
    </datafield>
    <datafield tag="337" ind1=" " ind2=" ">
      <subfield code="a">unmediated</subfield>
      <subfield code="b">n</subfield>
      <subfield code="2">rdamedia</subfield>
    </datafield>
    <datafield tag="338" ind1=" " ind2=" ">
      <subfield code="a">volume</subfield>
      <subfield code="b">nc</subfield>
      <subfield code="2">rdacarrier</subfield>
    </datafield>
    <datafield tag="340" ind1=" " ind2=" ">
      <subfield code="b">19 cm</subfield>
    </datafield>
    <datafield tag="500" ind1=" " ind2=" ">
      <subfield code="a">Corrected reprint of 1st ed., 1921.</subfield>
    </datafield>
    <datafield tag="501" ind1=" " ind2=" ">
      <subfield code="a">With: A Middle English vocabulary / J.R.R. Tolkien. Oxford, 1922.</subfield>
    </datafield>
    <datafield tag="599" ind1=" " ind2=" ">
      <subfield code="a">Imported from: zcat.oclc.org:210/OLUCWorldCat (Do not remove)</subfield>
    </datafield>
    <datafield tag="648" ind1=" " ind2="7">
      <subfield code="a">1100-1500</subfield>
      <subfield code="2">fast</subfield>
    </datafield>
    <datafield tag="650" ind1=" " ind2="0">
      <subfield code="a">English literature</subfield>
      <subfield code="y">Middle English, 1100-1500.</subfield>
    </datafield>
    <datafield tag="650" ind1=" " ind2="7">
      <subfield code="a">English literature</subfield>
      <subfield code="x">Middle English.</subfield>
      <subfield code="2">fast</subfield>
    </datafield>
    <datafield tag="655" ind1=" " ind2="7">
      <subfield code="a">Samlingsverk</subfield>
      <subfield code="0">https://id.kb.se/term/saogf/Samlingsverk</subfield>
      <subfield code="2">saogf</subfield>
    </datafield>
    <datafield tag="700" ind1="1" ind2=" ">
      <subfield code="a">Tolkien, J. R. R.</subfield>
      <subfield code="q">(John Ronald Reuel),</subfield>
      <subfield code="d">1892-1973.</subfield>
      <subfield code="t">Middle English vocabulary.</subfield>
    </datafield>
    <datafield tag="700" ind1="1" ind2=" ">
      <subfield code="a">Sisam, Kenneth.</subfield>
      <subfield code="4">edt</subfield>
    </datafield>
    <datafield tag="700" ind1="1" ind2=" ">
      <subfield code="a">Tolkien, J. R. R.</subfield>
      <subfield code="q">(John Ronald Reuel),</subfield>
      <subfield code="d">1892-1973</subfield>
      <subfield code="4">ctb</subfield>
      <subfield code="0">https://libris.kb.se/86lnkdss463q0lw#it</subfield>
    </datafield>
    <datafield tag="841" ind1=" " ind2=" ">
      <subfield code="5">Lsol</subfield>
      <subfield code="a">x  a</subfield>
      <subfield code="b">190219||0000|||||000||||||000000</subfield>
      <subfield code="e">|</subfield>
    </datafield>
    <datafield tag="852" ind1=" " ind2=" ">
      <subfield code="5">Lsol</subfield>
      <subfield code="b">Lsol</subfield>
      <subfield code="x">mb</subfield>
    </datafield>
    <datafield tag="887" ind1=" " ind2=" ">
      <subfield code="a">{"@id":"z7sw1159w685d6vl","modified":"2019-02-19T15:34:19.04+01:00","checksum":"75168425871"}</subfield>
      <subfield code="2">librisxl</subfield>
    </datafield>
    <datafield tag="887" ind1=" " ind2=" ">
      <subfield code="5">Lsol</subfield>
      <subfield code="a">{"@id":"4dz266t52d6h34fd","modified":"2019-02-19T15:26:08.799+01:00","checksum":"19530172624"}</subfield>
      <subfield code="2">librisxl</subfield>
    </datafield>
    <datafield tag="900" ind1="0" ind2="s">
      <subfield code="6">700,700</subfield>
      <subfield code="a"> . . .,</subfield>
      <subfield code="d">1892-1973</subfield>
      <subfield code="u">Tolkien, J. R. R.</subfield>
      <subfield code="q">(John Ronald Reuel),</subfield>
      <subfield code="d">1892-1973</subfield>
    </datafield>
    <datafield tag="900" ind1="1" ind2="s">
      <subfield code="6">700,700</subfield>
      <subfield code="a">Tolkien, John Ronald Reuel,</subfield>
      <subfield code="d">1892-1973</subfield>
      <subfield code="u">Tolkien, J. R. R.</subfield>
      <subfield code="q">(John Ronald Reuel),</subfield>
      <subfield code="d">1892-1973</subfield>
    </datafield>
    <datafield tag="900" ind1="1" ind2="s">
      <subfield code="6">700,700</subfield>
      <subfield code="a">Tolkien, John R. R.,</subfield>
      <subfield code="d">1892-1973</subfield>
      <subfield code="u">Tolkien, J. R. R.</subfield>
      <subfield code="q">(John Ronald Reuel),</subfield>
      <subfield code="d">1892-1973</subfield>
    </datafield>
    <datafield tag="900" ind1="1" ind2="s">
      <subfield code="6">700,700</subfield>
      <subfield code="a">Tolkin, Dzjon R. R.,</subfield>
      <subfield code="d">1892-1973</subfield>
      <subfield code="u">Tolkien, J. R. R.</subfield>
      <subfield code="q">(John Ronald Reuel),</subfield>
      <subfield code="d">1892-1973</subfield>
    </datafield>
    <datafield tag="900" ind1="1" ind2="s">
      <subfield code="6">700,700</subfield>
      <subfield code="a">Talkin, Ji. Ar. Ar.</subfield>
      <subfield code="d">1892-1973</subfield>
      <subfield code="u">Tolkien, J. R. R.</subfield>
      <subfield code="q">(John Ronald Reuel),</subfield>
      <subfield code="d">1892-1973</subfield>
    </datafield>
    <datafield tag="955" ind1=" " ind2="s">
      <subfield code="6">655</subfield>
      <subfield code="w">||e</subfield>
      <subfield code="a">Antologier</subfield>
      <subfield code="u">Samlingsverk</subfield>
    </datafield>
    <datafield tag="955" ind1=" " ind2="k">
      <subfield code="6">655</subfield>
      <subfield code="w">g</subfield>
      <subfield code="a">Informativa verk</subfield>
      <subfield code="u">Samlingsverk</subfield>
    </datafield>
  </record>