
  <record>
    <leader>00853cam a22002175a 4500</leader>
    <controlfield tag="001">dnvmcj8tbg9883d1</controlfield>
    <controlfield tag="003">LIBRIS</controlfield>
    <controlfield tag="005">20181121080137.0</controlfield>
    <controlfield tag="008">181121s2018    xx |||||||||||000 ||eng|c</controlfield>
    <datafield tag="020" ind1=" " ind2=" ">
      <subfield code="a">9780008302771</subfield>
    </datafield>
    <datafield tag="035" ind1=" " ind2=" ">
      <subfield code="a">BTJ413041</subfield>
    </datafield>
    <datafield tag="040" ind1=" " ind2=" ">
      <subfield code="a">SEK</subfield>
      <subfield code="e">a</subfield>
    </datafield>
    <datafield tag="041" ind1=" " ind2=" ">
      <subfield code="a">eng</subfield>
    </datafield>
    <datafield tag="100" ind1="1" ind2=" ">
      <subfield code="a">Tolkien, J. R. R.</subfield>
    </datafield>
    <datafield tag="245" ind1="1" ind2="0">
      <subfield code="a">Fall of Gondolin, The /</subfield>
      <subfield code="c">Tolkien, J. R. R.</subfield>
    </datafield>
    <datafield tag="264" ind1=" " ind2="1">
      <subfield code="c">2018</subfield>
    </datafield>
    <datafield tag="599" ind1=" " ind2=" ">
      <subfield code="a">Maskinellt genererad post. ♯ndra kod fr̲ fullstñdighetsniv ̄(leader/17), annars kommer manuellt gjorda ñdringar att fr̲svinna.</subfield>
    </datafield>
    <datafield tag="841" ind1=" " ind2=" ">
      <subfield code="5">Nodi</subfield>
      <subfield code="a">x  a</subfield>
      <subfield code="b">181121||0000|||||000||||||000000</subfield>
      <subfield code="e">1</subfield>
    </datafield>
    <datafield tag="852" ind1=" " ind2=" ">
      <subfield code="5">Nodi</subfield>
      <subfield code="b">Nodi</subfield>
    </datafield>
    <datafield tag="887" ind1=" " ind2=" ">
      <subfield code="a">{"@id":"dnvmcj8tbg9883d1","modified":"2018-11-21T08:01:37.678+01:00","checksum":"27732079799"}</subfield>
      <subfield code="2">librisxl</subfield>
    </datafield>
    <datafield tag="887" ind1=" " ind2=" ">
      <subfield code="5">Nodi</subfield>
      <subfield code="a">{"@id":"7hpg6c3r59xs627d","modified":"2018-11-21T08:01:37.748+01:00","checksum":"-2746273030"}</subfield>
      <subfield code="2">librisxl</subfield>
    </datafield>
  </record>