
  <record>
    <leader>00984cam a22002898i 4500</leader>
    <controlfield tag="001">lvv2km3jj9xqxtsz</controlfield>
    <controlfield tag="003">LIBRIS</controlfield>
    <controlfield tag="005">20181003171506.0</controlfield>
    <controlfield tag="008">181003s2003    xx |||||||||||000 0|eng|d</controlfield>
    <datafield tag="020" ind1=" " ind2=" ">
      <subfield code="a">9780007169702</subfield>
      <subfield code="q">inbunden</subfield>
    </datafield>
    <datafield tag="035" ind1=" " ind2=" ">
      <subfield code="a">(BOKR)9780007169702</subfield>
    </datafield>
    <datafield tag="040" ind1=" " ind2=" ">
      <subfield code="a">BOKR</subfield>
      <subfield code="e">i</subfield>
    </datafield>
    <datafield tag="041" ind1=" " ind2=" ">
      <subfield code="a">eng</subfield>
    </datafield>
    <datafield tag="100" ind1="1" ind2=" ">
      <subfield code="a">Sibley, Brian</subfield>
      <subfield code="4">aut</subfield>
    </datafield>
    <datafield tag="245" ind1="1" ind2="4">
      <subfield code="a">The maps of tolkiens middle-earth</subfield>
    </datafield>
    <datafield tag="263" ind1=" " ind2=" ">
      <subfield code="a">200309</subfield>
    </datafield>
    <datafield tag="264" ind1=" " ind2="1">
      <subfield code="b">Harpercollins Publishers,</subfield>
      <subfield code="c">2003</subfield>
    </datafield>
    <datafield tag="300" ind1=" " ind2=" ">
      <subfield code="a">64 sidor</subfield>
      <subfield code="c">26 cm</subfield>
    </datafield>
    <datafield tag="336" ind1=" " ind2=" ">
      <subfield code="b">txt</subfield>
      <subfield code="2">rdacontent</subfield>
    </datafield>
    <datafield tag="337" ind1=" " ind2=" ">
      <subfield code="b">n</subfield>
      <subfield code="2">rdamedia</subfield>
    </datafield>
    <datafield tag="338" ind1=" " ind2=" ">
      <subfield code="b">nc</subfield>
      <subfield code="2">rdacarrier</subfield>
    </datafield>
    <datafield tag="340" ind1=" " ind2=" ">
      <subfield code="b">26 cm</subfield>
    </datafield>
    <datafield tag="490" ind1="0" ind2=" ">
      <subfield code="a">LORD OF THE RINGS</subfield>
    </datafield>
    <datafield tag="599" ind1=" " ind2=" ">
      <subfield code="a">Maskinellt genererad post. ♯ndra kod fr̲ fullstñdighetsniv ̄(leader/17), annars kommer manuellt gjorda ñdringar att fr̲svinna.</subfield>
    </datafield>
    <datafield tag="655" ind1=" " ind2="4">
      <subfield code="0">https://id.kb.se/marc/NotFictionNotFurtherSpecified</subfield>
    </datafield>
    <datafield tag="700" ind1="1" ind2=" ">
      <subfield code="a">Tolkien, J. R. R.</subfield>
      <subfield code="d">1892-1971</subfield>
      <subfield code="0">https://viaf.org/viaf/95218067/</subfield>
      <subfield code="4">ill</subfield>
    </datafield>
    <datafield tag="887" ind1=" " ind2=" ">
      <subfield code="a">{"@id":"lvv2km3jj9xqxtsz","modified":"2018-10-03T17:15:06.343+02:00","checksum":"43220079924"}</subfield>
      <subfield code="2">librisxl</subfield>
    </datafield>
  </record>