
  <record>
    <leader>06037cam a22012977i 4500</leader>
    <controlfield tag="001">s2gtb5c4q0r8s088</controlfield>
    <controlfield tag="003">LIBRIS</controlfield>
    <controlfield tag="005">20190228141952.0</controlfield>
    <controlfield tag="008">190109s2016    un ||||e||||||000 ||ukr|c</controlfield>
    <datafield tag="020" ind1=" " ind2=" ">
      <subfield code="a">9786176641001</subfield>
      <subfield code="q">(C.1)</subfield>
    </datafield>
    <datafield tag="020" ind1=" " ind2=" ">
      <subfield code="a">9786176640219</subfield>
      <subfield code="q">(Zah.)</subfield>
    </datafield>
    <datafield tag="040" ind1=" " ind2=" ">
      <subfield code="a">Ilc</subfield>
      <subfield code="b">swe</subfield>
      <subfield code="e">i</subfield>
      <subfield code="e">rda</subfield>
    </datafield>
    <datafield tag="041" ind1="1" ind2=" ">
      <subfield code="a">ukr</subfield>
      <subfield code="h">eng</subfield>
    </datafield>
    <datafield tag="082" ind1="0" ind2="4">
      <subfield code="a">891.79</subfield>
      <subfield code="2">22 (machine generated)</subfield>
    </datafield>
    <datafield tag="084" ind1=" " ind2=" ">
      <subfield code="a">Hmbee.01</subfield>
      <subfield code="2">kssb/8</subfield>
    </datafield>
    <datafield tag="100" ind1="1" ind2=" ">
      <subfield code="a">Tolkien, J. R. R.</subfield>
      <subfield code="q">(John Ronald Reuel),</subfield>
      <subfield code="d">1892-1973</subfield>
      <subfield code="4">aut</subfield>
      <subfield code="0">https://libris.kb.se/86lnkdss463q0lw#it</subfield>
    </datafield>
    <datafield tag="240" ind1="1" ind2="4">
      <subfield code="a">The fellowship of the ring.</subfield>
      <subfield code="l">Ukrainska</subfield>
    </datafield>
    <datafield tag="245" ind1="1" ind2="0">
      <subfield code="a">Volodar persniv. Bratstvo persnja. :</subfield>
      <subfield code="b">Persa castyna trylohi.</subfield>
      <subfield code="c">Tolkin Dz. R.R. ; pereklala z anhlijs'ko Kateryna   Oniscuk ; perekladac virsiv i literaturnyj redaktor Nazar Fedorak.</subfield>
    </datafield>
    <datafield tag="250" ind1=" " ind2=" ">
      <subfield code="a">2-he oprac. vyd.</subfield>
    </datafield>
    <datafield tag="264" ind1=" " ind2="1">
      <subfield code="a">L'viv :</subfield>
      <subfield code="b">Vydavnyctvo "Astroljabija",</subfield>
      <subfield code="c">2016</subfield>
    </datafield>
    <datafield tag="300" ind1=" " ind2=" ">
      <subfield code="a">704 sidor</subfield>
    </datafield>
    <datafield tag="336" ind1=" " ind2=" ">
      <subfield code="a">text</subfield>
      <subfield code="b">txt</subfield>
      <subfield code="2">rdacontent</subfield>
    </datafield>
    <datafield tag="337" ind1=" " ind2=" ">
      <subfield code="a">unmediated</subfield>
      <subfield code="b">n</subfield>
      <subfield code="2">rdamedia</subfield>
    </datafield>
    <datafield tag="338" ind1=" " ind2=" ">
      <subfield code="a">volume</subfield>
      <subfield code="b">nc</subfield>
      <subfield code="2">rdacarrier</subfield>
    </datafield>
    <datafield tag="490" ind1="1" ind2=" ">
      <subfield code="a">Volodar persniv ;</subfield>
      <subfield code="v">1</subfield>
    </datafield>
    <datafield tag="655" ind1=" " ind2="7">
      <subfield code="a">Fantasy</subfield>
      <subfield code="0">https://id.kb.se/term/saogf/Fantasy</subfield>
      <subfield code="2">saogf</subfield>
    </datafield>
    <datafield tag="655" ind1=" " ind2="7">
      <subfield code="a">Romaner</subfield>
      <subfield code="0">https://id.kb.se/term/saogf/Romaner</subfield>
      <subfield code="2">saogf</subfield>
    </datafield>
    <datafield tag="655" ind1=" " ind2="7">
      <subfield code="a">Skn̲litteratur</subfield>
      <subfield code="0">https://id.kb.se/term/saogf/Sk%C3%B6nlitteratur</subfield>
      <subfield code="2">saogf</subfield>
    </datafield>
    <datafield tag="700" ind1="1" ind2=" ">
      <subfield code="a">Oniscuk, Kateryna</subfield>
      <subfield code="4">trl</subfield>
    </datafield>
    <datafield tag="700" ind1="1" ind2=" ">
      <subfield code="a">Fedorak, Nazar</subfield>
      <subfield code="4">trl</subfield>
      <subfield code="4">edt</subfield>
    </datafield>
    <datafield tag="830" ind1=" " ind2="0">
      <subfield code="a">Volodar persniv ;</subfield>
      <subfield code="v">1</subfield>
    </datafield>
    <datafield tag="841" ind1=" " ind2=" ">
      <subfield code="5">Ilc</subfield>
      <subfield code="a">x  a</subfield>
      <subfield code="b">190109||0000|||||000||||||000000</subfield>
      <subfield code="e">|</subfield>
    </datafield>
    <datafield tag="852" ind1=" " ind2=" ">
      <subfield code="5">Ilc</subfield>
      <subfield code="b">Ilc</subfield>
      <subfield code="h">Hmb</subfield>
    </datafield>
    <datafield tag="887" ind1=" " ind2=" ">
      <subfield code="a">{"@id":"s2gtb5c4q0r8s088","modified":"2019-02-28T14:19:52.49+01:00","checksum":"116401262596"}</subfield>
      <subfield code="2">librisxl</subfield>
    </datafield>
    <datafield tag="887" ind1=" " ind2=" ">
      <subfield code="5">Ilc</subfield>
      <subfield code="a">{"@id":"z7m0hbvzwlf7717g","modified":"2019-01-09T10:24:17.193+01:00","checksum":"35395205477"}</subfield>
      <subfield code="2">librisxl</subfield>
    </datafield>
    <datafield tag="900" ind1="0" ind2="s">
      <subfield code="6">100</subfield>
      <subfield code="a"> . . .,</subfield>
      <subfield code="d">1892-1973</subfield>
      <subfield code="u">Tolkien, J. R. R.</subfield>
      <subfield code="q">(John Ronald Reuel),</subfield>
      <subfield code="d">1892-1973</subfield>
    </datafield>
    <datafield tag="900" ind1="1" ind2="s">
      <subfield code="6">100</subfield>
      <subfield code="a">Tolkien, John Ronald Reuel,</subfield>
      <subfield code="d">1892-1973</subfield>
      <subfield code="u">Tolkien, J. R. R.</subfield>
      <subfield code="q">(John Ronald Reuel),</subfield>
      <subfield code="d">1892-1973</subfield>
    </datafield>
    <datafield tag="900" ind1="1" ind2="s">
      <subfield code="6">100</subfield>
      <subfield code="a">Tolkien, John R. R.,</subfield>
      <subfield code="d">1892-1973</subfield>
      <subfield code="u">Tolkien, J. R. R.</subfield>
      <subfield code="q">(John Ronald Reuel),</subfield>
      <subfield code="d">1892-1973</subfield>
    </datafield>
    <datafield tag="900" ind1="1" ind2="s">
      <subfield code="6">100</subfield>
      <subfield code="a">Tolkin, Dzjon R. R.,</subfield>
      <subfield code="d">1892-1973</subfield>
      <subfield code="u">Tolkien, J. R. R.</subfield>
      <subfield code="q">(John Ronald Reuel),</subfield>
      <subfield code="d">1892-1973</subfield>
    </datafield>
    <datafield tag="900" ind1="1" ind2="s">
      <subfield code="6">100</subfield>
      <subfield code="a">Talkin, Ji. Ar. Ar.</subfield>
      <subfield code="d">1892-1973</subfield>
      <subfield code="u">Tolkien, J. R. R.</subfield>
      <subfield code="q">(John Ronald Reuel),</subfield>
      <subfield code="d">1892-1973</subfield>
    </datafield>
    <datafield tag="955" ind1=" " ind2="s">
      <subfield code="6">655</subfield>
      <subfield code="a">Fantastisk litteratur</subfield>
      <subfield code="u">Fantasy</subfield>
    </datafield>
    <datafield tag="955" ind1=" " ind2="k">
      <subfield code="6">655</subfield>
      <subfield code="w">g</subfield>
      <subfield code="a">Skn̲litteratur</subfield>
      <subfield code="u">Fantasy</subfield>
    </datafield>
    <datafield tag="955" ind1=" " ind2="k">
      <subfield code="6">655</subfield>
      <subfield code="w">h</subfield>
      <subfield code="a">Urban fantasy</subfield>
      <subfield code="u">Fantasy</subfield>
    </datafield>
    <datafield tag="955" ind1=" " ind2="k">
      <subfield code="6">655</subfield>
      <subfield code="w">g</subfield>
      <subfield code="a">Skn̲litteratur</subfield>
      <subfield code="u">Romaner</subfield>
    </datafield>
    <datafield tag="955" ind1=" " ind2="k">
      <subfield code="6">655</subfield>
      <subfield code="w">h</subfield>
      <subfield code="a">Brevromaner</subfield>
      <subfield code="u">Romaner</subfield>
    </datafield>
    <datafield tag="955" ind1=" " ind2="k">
      <subfield code="6">655</subfield>
      <subfield code="w">h</subfield>
      <subfield code="a">Dagboksromaner</subfield>
      <subfield code="u">Romaner</subfield>
    </datafield>
    <datafield tag="955" ind1=" " ind2="k">
      <subfield code="6">655</subfield>
      <subfield code="w">h</subfield>
      <subfield code="a">Kollektivromaner</subfield>
      <subfield code="u">Romaner</subfield>
    </datafield>
    <datafield tag="955" ind1=" " ind2="k">
      <subfield code="6">655</subfield>
      <subfield code="w">h</subfield>
      <subfield code="a">Nyckelromaner</subfield>
      <subfield code="u">Romaner</subfield>
    </datafield>
    <datafield tag="955" ind1=" " ind2="k">
      <subfield code="6">655</subfield>
      <subfield code="w">h</subfield>
      <subfield code="a">Pikareskromaner</subfield>
      <subfield code="u">Romaner</subfield>
    </datafield>
    <datafield tag="955" ind1=" " ind2="k">
      <subfield code="6">655</subfield>
      <subfield code="w">h</subfield>
      <subfield code="a">Serieromaner</subfield>
      <subfield code="u">Romaner</subfield>
    </datafield>
    <datafield tag="955" ind1=" " ind2="k">
      <subfield code="6">655</subfield>
      <subfield code="w">h</subfield>
      <subfield code="a">Utvecklingsromaner</subfield>
      <subfield code="u">Romaner</subfield>
    </datafield>
    <datafield tag="955" ind1=" " ind2="k">
      <subfield code="6">655</subfield>
      <subfield code="w">h</subfield>
      <subfield code="a">Allegorier</subfield>
      <subfield code="u">Skn̲litteratur</subfield>
    </datafield>
    <datafield tag="955" ind1=" " ind2="k">
      <subfield code="6">655</subfield>
      <subfield code="w">h</subfield>
      <subfield code="a">Arbetarskildringar</subfield>
      <subfield code="u">Skn̲litteratur</subfield>
    </datafield>
    <datafield tag="955" ind1=" " ind2="k">
      <subfield code="6">655</subfield>
      <subfield code="w">h</subfield>
      <subfield code="a">Barndomsskildringar</subfield>
      <subfield code="u">Skn̲litteratur</subfield>
    </datafield>
    <datafield tag="955" ind1=" " ind2="k">
      <subfield code="6">655</subfield>
      <subfield code="w">h</subfield>
      <subfield code="a">Biografiska skildringar</subfield>
      <subfield code="u">Skn̲litteratur</subfield>
    </datafield>
    <datafield tag="955" ind1=" " ind2="k">
      <subfield code="6">655</subfield>
      <subfield code="w">h</subfield>
      <subfield code="a">Chick lit</subfield>
      <subfield code="u">Skn̲litteratur</subfield>
    </datafield>
    <datafield tag="955" ind1=" " ind2="k">
      <subfield code="6">655</subfield>
      <subfield code="w">h</subfield>
      <subfield code="a">Deckare</subfield>
      <subfield code="u">Skn̲litteratur</subfield>
    </datafield>
    <datafield tag="955" ind1=" " ind2="k">
      <subfield code="6">655</subfield>
      <subfield code="w">h</subfield>
      <subfield code="a">Dialektlitteratur</subfield>
      <subfield code="u">Skn̲litteratur</subfield>
    </datafield>
    <datafield tag="955" ind1=" " ind2="k">
      <subfield code="6">655</subfield>
      <subfield code="w">h</subfield>
      <subfield code="a">Djurskildringar</subfield>
      <subfield code="u">Skn̲litteratur</subfield>
    </datafield>
    <datafield tag="955" ind1=" " ind2="k">
      <subfield code="6">655</subfield>
      <subfield code="w">h</subfield>
      <subfield code="a">Dokumentr̃a skildringar</subfield>
      <subfield code="u">Skn̲litteratur</subfield>
    </datafield>
    <datafield tag="955" ind1=" " ind2="k">
      <subfield code="6">655</subfield>
      <subfield code="w">h</subfield>
      <subfield code="a">Dramatik</subfield>
      <subfield code="u">Skn̲litteratur</subfield>
    </datafield>
    <datafield tag="955" ind1=" " ind2="k">
      <subfield code="6">655</subfield>
      <subfield code="w">h</subfield>
      <subfield code="a">Episka skildringar</subfield>
      <subfield code="u">Skn̲litteratur</subfield>
    </datafield>
    <datafield tag="955" ind1=" " ind2="k">
      <subfield code="6">655</subfield>
      <subfield code="w">h</subfield>
      <subfield code="a">Erotiska skildringar</subfield>
      <subfield code="u">Skn̲litteratur</subfield>
    </datafield>
    <datafield tag="955" ind1=" " ind2="k">
      <subfield code="6">655</subfield>
      <subfield code="w">h</subfield>
      <subfield code="a">Essẽr</subfield>
      <subfield code="u">Skn̲litteratur</subfield>
    </datafield>
    <datafield tag="955" ind1=" " ind2="k">
      <subfield code="6">655</subfield>
      <subfield code="w">h</subfield>
      <subfield code="a">Experimentell skn̲litteratur</subfield>
      <subfield code="u">Skn̲litteratur</subfield>
    </datafield>
    <datafield tag="955" ind1=" " ind2="k">
      <subfield code="6">655</subfield>
      <subfield code="w">h</subfield>
      <subfield code="a">Fabler</subfield>
      <subfield code="u">Skn̲litteratur</subfield>
    </datafield>
    <datafield tag="955" ind1=" " ind2="k">
      <subfield code="6">655</subfield>
      <subfield code="w">h</subfield>
      <subfield code="a">Familjeskildringar</subfield>
      <subfield code="u">Skn̲litteratur</subfield>
    </datafield>
    <datafield tag="955" ind1=" " ind2="k">
      <subfield code="6">655</subfield>
      <subfield code="w">h</subfield>
      <subfield code="a">Fanfiction</subfield>
      <subfield code="u">Skn̲litteratur</subfield>
    </datafield>
    <datafield tag="955" ind1=" " ind2="k">
      <subfield code="6">655</subfield>
      <subfield code="w">h</subfield>
      <subfield code="a">Fantasy</subfield>
      <subfield code="u">Skn̲litteratur</subfield>
    </datafield>
    <datafield tag="955" ind1=" " ind2="k">
      <subfield code="6">655</subfield>
      <subfield code="w">h</subfield>
      <subfield code="a">Feelgood</subfield>
      <subfield code="u">Skn̲litteratur</subfield>
    </datafield>
    <datafield tag="955" ind1=" " ind2="k">
      <subfield code="6">655</subfield>
      <subfield code="w">h</subfield>
      <subfield code="a">Folkdiktning</subfield>
      <subfield code="u">Skn̲litteratur</subfield>
    </datafield>
    <datafield tag="955" ind1=" " ind2="k">
      <subfield code="6">655</subfield>
      <subfield code="w">h</subfield>
      <subfield code="a">Framtidsskildringar</subfield>
      <subfield code="u">Skn̲litteratur</subfield>
    </datafield>
    <datafield tag="955" ind1=" " ind2="k">
      <subfield code="6">655</subfield>
      <subfield code="w">h</subfield>
      <subfield code="a">Fl̲jetonger</subfield>
      <subfield code="u">Skn̲litteratur</subfield>
    </datafield>
    <datafield tag="955" ind1=" " ind2="k">
      <subfield code="6">655</subfield>
      <subfield code="w">h</subfield>
      <subfield code="a">Herdediktning</subfield>
      <subfield code="u">Skn̲litteratur</subfield>
    </datafield>
    <datafield tag="955" ind1=" " ind2="k">
      <subfield code="6">655</subfield>
      <subfield code="w">h</subfield>
      <subfield code="a">Historiska skildringar</subfield>
      <subfield code="u">Skn̲litteratur</subfield>
    </datafield>
    <datafield tag="955" ind1=" " ind2="k">
      <subfield code="6">655</subfield>
      <subfield code="w">h</subfield>
      <subfield code="a">Humor</subfield>
      <subfield code="u">Skn̲litteratur</subfield>
    </datafield>
    <datafield tag="955" ind1=" " ind2="k">
      <subfield code="6">655</subfield>
      <subfield code="w">h</subfield>
      <subfield code="a">Kontrafaktisk historia</subfield>
      <subfield code="u">Skn̲litteratur</subfield>
    </datafield>
    <datafield tag="955" ind1=" " ind2="k">
      <subfield code="6">655</subfield>
      <subfield code="w">h</subfield>
      <subfield code="a">Krigsskildringar</subfield>
      <subfield code="u">Skn̲litteratur</subfield>
    </datafield>
    <datafield tag="955" ind1=" " ind2="k">
      <subfield code="6">655</subfield>
      <subfield code="w">h</subfield>
      <subfield code="a">Kr̃leksskildringar</subfield>
      <subfield code="u">Skn̲litteratur</subfield>
    </datafield>
    <datafield tag="955" ind1=" " ind2="k">
      <subfield code="6">655</subfield>
      <subfield code="w">h</subfield>
      <subfield code="a">Magisk realism</subfield>
      <subfield code="u">Skn̲litteratur</subfield>
    </datafield>
    <datafield tag="955" ind1=" " ind2="k">
      <subfield code="6">655</subfield>
      <subfield code="w">h</subfield>
      <subfield code="a">Noveller</subfield>
      <subfield code="u">Skn̲litteratur</subfield>
    </datafield>
    <datafield tag="955" ind1=" " ind2="k">
      <subfield code="6">655</subfield>
      <subfield code="w">h</subfield>
      <subfield code="a">Parafraser</subfield>
      <subfield code="u">Skn̲litteratur</subfield>
    </datafield>
    <datafield tag="955" ind1=" " ind2="k">
      <subfield code="6">655</subfield>
      <subfield code="w">h</subfield>
      <subfield code="a">Parodier</subfield>
      <subfield code="u">Skn̲litteratur</subfield>
    </datafield>
    <datafield tag="955" ind1=" " ind2="k">
      <subfield code="6">655</subfield>
      <subfield code="w">h</subfield>
      <subfield code="a">Pastischer</subfield>
      <subfield code="u">Skn̲litteratur</subfield>
    </datafield>
    <datafield tag="955" ind1=" " ind2="k">
      <subfield code="6">655</subfield>
      <subfield code="w">h</subfield>
      <subfield code="a">Psykologiska skildringar</subfield>
      <subfield code="u">Skn̲litteratur</subfield>
    </datafield>
    <datafield tag="955" ind1=" " ind2="k">
      <subfield code="6">655</subfield>
      <subfield code="w">h</subfield>
      <subfield code="a">Poesi</subfield>
      <subfield code="u">Skn̲litteratur</subfield>
    </datafield>
    <datafield tag="955" ind1=" " ind2="k">
      <subfield code="6">655</subfield>
      <subfield code="w">h</subfield>
      <subfield code="a">Politiska skildringar</subfield>
      <subfield code="u">Skn̲litteratur</subfield>
    </datafield>
    <datafield tag="955" ind1=" " ind2="k">
      <subfield code="6">655</subfield>
      <subfield code="w">h</subfield>
      <subfield code="a">Rambert̃telser</subfield>
      <subfield code="u">Skn̲litteratur</subfield>
    </datafield>
    <datafield tag="955" ind1=" " ind2="k">
      <subfield code="6">655</subfield>
      <subfield code="w">h</subfield>
      <subfield code="a">Relationsskildringar</subfield>
      <subfield code="u">Skn̲litteratur</subfield>
    </datafield>
    <datafield tag="955" ind1=" " ind2="k">
      <subfield code="6">655</subfield>
      <subfield code="w">h</subfield>
      <subfield code="a">Religis̲a skildringar</subfield>
      <subfield code="u">Skn̲litteratur</subfield>
    </datafield>
    <datafield tag="955" ind1=" " ind2="k">
      <subfield code="6">655</subfield>
      <subfield code="w">h</subfield>
      <subfield code="a">Riddardiktning</subfield>
      <subfield code="u">Skn̲litteratur</subfield>
    </datafield>
    <datafield tag="955" ind1=" " ind2="k">
      <subfield code="6">655</subfield>
      <subfield code="w">h</subfield>
      <subfield code="a">Robinsonader</subfield>
      <subfield code="u">Skn̲litteratur</subfield>
    </datafield>
    <datafield tag="955" ind1=" " ind2="k">
      <subfield code="6">655</subfield>
      <subfield code="w">h</subfield>
      <subfield code="a">Romaner</subfield>
      <subfield code="u">Skn̲litteratur</subfield>
    </datafield>
    <datafield tag="955" ind1=" " ind2="k">
      <subfield code="6">655</subfield>
      <subfield code="w">h</subfield>
      <subfield code="a">Sagalitteratur</subfield>
      <subfield code="u">Skn̲litteratur</subfield>
    </datafield>
    <datafield tag="955" ind1=" " ind2="k">
      <subfield code="6">655</subfield>
      <subfield code="w">h</subfield>
      <subfield code="a">Sagor</subfield>
      <subfield code="u">Skn̲litteratur</subfield>
    </datafield>
    <datafield tag="955" ind1=" " ind2="k">
      <subfield code="6">655</subfield>
      <subfield code="w">h</subfield>
      <subfield code="a">Samhl̃lskritiska skildringar</subfield>
      <subfield code="u">Skn̲litteratur</subfield>
    </datafield>
    <datafield tag="955" ind1=" " ind2="k">
      <subfield code="6">655</subfield>
      <subfield code="w">h</subfield>
      <subfield code="a">Samhl̃lsskildringar</subfield>
      <subfield code="u">Skn̲litteratur</subfield>
    </datafield>
    <datafield tag="955" ind1=" " ind2="k">
      <subfield code="6">655</subfield>
      <subfield code="w">h</subfield>
      <subfield code="a">Satir</subfield>
      <subfield code="u">Skn̲litteratur</subfield>
    </datafield>
    <datafield tag="955" ind1=" " ind2="k">
      <subfield code="6">655</subfield>
      <subfield code="w">h</subfield>
      <subfield code="a">Science fiction</subfield>
      <subfield code="u">Skn̲litteratur</subfield>
    </datafield>
    <datafield tag="955" ind1=" " ind2="k">
      <subfield code="6">655</subfield>
      <subfield code="w">h</subfield>
      <subfield code="a">Sedeskildringar</subfield>
      <subfield code="u">Skn̲litteratur</subfield>
    </datafield>
    <datafield tag="955" ind1=" " ind2="k">
      <subfield code="6">655</subfield>
      <subfield code="w">h</subfield>
      <subfield code="a">Sjukdomsskildringar</subfield>
      <subfield code="u">Skn̲litteratur</subfield>
    </datafield>
    <datafield tag="955" ind1=" " ind2="k">
      <subfield code="6">655</subfield>
      <subfield code="w">h</subfield>
      <subfield code="a">Sjb̲ert̃telser</subfield>
      <subfield code="u">Skn̲litteratur</subfield>
    </datafield>
    <datafield tag="955" ind1=" " ind2="k">
      <subfield code="6">655</subfield>
      <subfield code="w">h</subfield>
      <subfield code="a">Skrc̃k</subfield>
      <subfield code="u">Skn̲litteratur</subfield>
    </datafield>
    <datafield tag="955" ind1=" " ind2="k">
      <subfield code="6">655</subfield>
      <subfield code="w">h</subfield>
      <subfield code="a">Slk̃tskildringar</subfield>
      <subfield code="u">Skn̲litteratur</subfield>
    </datafield>
    <datafield tag="955" ind1=" " ind2="k">
      <subfield code="6">655</subfield>
      <subfield code="w">h</subfield>
      <subfield code="a">Tecknade serier</subfield>
      <subfield code="u">Skn̲litteratur</subfield>
    </datafield>
    <datafield tag="955" ind1=" " ind2="k">
      <subfield code="6">655</subfield>
      <subfield code="w">h</subfield>
      <subfield code="a">Thrillers</subfield>
      <subfield code="u">Skn̲litteratur</subfield>
    </datafield>
    <datafield tag="955" ind1=" " ind2="k">
      <subfield code="6">655</subfield>
      <subfield code="w">h</subfield>
      <subfield code="a">Utopier</subfield>
      <subfield code="u">Skn̲litteratur</subfield>
    </datafield>
    <datafield tag="955" ind1=" " ind2="k">
      <subfield code="6">655</subfield>
      <subfield code="w">h</subfield>
      <subfield code="a">Versbert̃telser</subfield>
      <subfield code="u">Skn̲litteratur</subfield>
    </datafield>
    <datafield tag="955" ind1=" " ind2="k">
      <subfield code="6">655</subfield>
      <subfield code="w">h</subfield>
      <subfield code="a">Vs̃ternskildringar</subfield>
      <subfield code="u">Skn̲litteratur</subfield>
    </datafield>
    <datafield tag="955" ind1=" " ind2="k">
      <subfield code="6">655</subfield>
      <subfield code="w">h</subfield>
      <subfield code="a">♯ventyrsskildringar</subfield>
      <subfield code="u">Skn̲litteratur</subfield>
    </datafield>
    <datafield tag="976" ind1="0" ind2=" ">
      <subfield code="a">Hmb</subfield>
      <subfield code="b">Skn̲litteratur: ukrainska</subfield>
    </datafield>
  </record>