
  <record>
    <leader>00993cam a22002535a 4500</leader>
    <controlfield tag="001">ktxbl2m2hhdp7vxc</controlfield>
    <controlfield tag="003">LIBRIS</controlfield>
    <controlfield tag="005">20181031130313.0</controlfield>
    <controlfield tag="008">181031s2017    xx_|||||||||||000 1|und|c</controlfield>
    <datafield tag="020" ind1=" " ind2=" ">
      <subfield code="a">9783608961652</subfield>
    </datafield>
    <datafield tag="035" ind1=" " ind2=" ">
      <subfield code="a">(Adlibris)9783608961652</subfield>
    </datafield>
    <datafield tag="040" ind1=" " ind2=" ">
      <subfield code="a">SEK</subfield>
      <subfield code="e">a</subfield>
    </datafield>
    <datafield tag="041" ind1=" " ind2=" ">
      <subfield code="a">und</subfield>
    </datafield>
    <datafield tag="100" ind1="1" ind2=" ">
      <subfield code="a">Tolkien, J. R. R.</subfield>
    </datafield>
    <datafield tag="245" ind1="1" ind2="0">
      <subfield code="a">Beren und Lt︢hien /</subfield>
      <subfield code="c">J. R. R. Tolkien.</subfield>
    </datafield>
    <datafield tag="264" ind1=" " ind2="1">
      <subfield code="b">Klett-Cotta Verlag,</subfield>
      <subfield code="c">2017</subfield>
    </datafield>
    <datafield tag="300" ind1=" " ind2=" ">
      <subfield code="a">303 s.</subfield>
      <subfield code="c">3 cm</subfield>
    </datafield>
    <datafield tag="340" ind1=" " ind2=" ">
      <subfield code="b">3 cm</subfield>
    </datafield>
    <datafield tag="599" ind1=" " ind2=" ">
      <subfield code="a">Maskinellt genererad post. ♯ndra kod fr̲ fullstñdighetsniv ̄(leader/17), annars kommer manuellt gjorda ñdringar att fr̲svinna.</subfield>
    </datafield>
    <datafield tag="655" ind1=" " ind2="4">
      <subfield code="0">https://id.kb.se/marc/FictionNotFurtherSpecified</subfield>
    </datafield>
    <datafield tag="841" ind1=" " ind2=" ">
      <subfield code="5">Gav</subfield>
      <subfield code="a">x  2</subfield>
      <subfield code="b">181031||0000|||||000||||||000000</subfield>
      <subfield code="e">|</subfield>
    </datafield>
    <datafield tag="852" ind1=" " ind2=" ">
      <subfield code="5">Gav</subfield>
      <subfield code="b">Gav</subfield>
    </datafield>
    <datafield tag="887" ind1=" " ind2=" ">
      <subfield code="a">{"@id":"ktxbl2m2hhdp7vxc","modified":"2018-10-31T13:03:13.148+01:00","checksum":"31783622508"}</subfield>
      <subfield code="2">librisxl</subfield>
    </datafield>
    <datafield tag="887" ind1=" " ind2=" ">
      <subfield code="5">Gav</subfield>
      <subfield code="a">{"@id":"4dhw5m6p2qz7k8z0","modified":"2018-10-31T13:03:13.18+01:00","checksum":"7043566420"}</subfield>
      <subfield code="2">librisxl</subfield>
    </datafield>
  </record>