
  <record>
    <leader>01813cam a2200433 i 4500</leader>
    <controlfield tag="001">r1hf7cf7pwjgns7n</controlfield>
    <controlfield tag="003">LIBRIS</controlfield>
    <controlfield tag="005">20190131151520.0</controlfield>
    <controlfield tag="008">190131s1973    fi |||||||||||000 f|fin| </controlfield>
    <datafield tag="020" ind1=" " ind2=" ">
      <subfield code="a">9513022137</subfield>
      <subfield code="q">sidottu</subfield>
    </datafield>
    <datafield tag="040" ind1=" " ind2=" ">
      <subfield code="a">Fini</subfield>
      <subfield code="e">i</subfield>
    </datafield>
    <datafield tag="041" ind1="1" ind2=" ">
      <subfield code="a">fin</subfield>
      <subfield code="h">eng</subfield>
    </datafield>
    <datafield tag="042" ind1=" " ind2=" ">
      <subfield code="a">finb</subfield>
    </datafield>
    <datafield tag="080" ind1=" " ind2=" ">
      <subfield code="a">820</subfield>
      <subfield code="x">-3</subfield>
      <subfield code="2">1974/fin/fennica</subfield>
    </datafield>
    <datafield tag="084" ind1=" " ind2=" ">
      <subfield code="a">84.2</subfield>
      <subfield code="2">ykl</subfield>
    </datafield>
    <datafield tag="100" ind1="1" ind2=" ">
      <subfield code="a">Tolkien, J. R. R.</subfield>
    </datafield>
    <datafield tag="240" ind1="1" ind2="4">
      <subfield code="a">The hobbit or There and back again</subfield>
    </datafield>
    <datafield tag="245" ind1="1" ind2="0">
      <subfield code="a">Lohikr̃̃mevuori eli Erñ̃ hoppelin matka sinne ja takaisin /</subfield>
      <subfield code="c">J. R. R. Tolkien ; kuv. Tove Jansson ; [suom. Risto Pitkñen].</subfield>
    </datafield>
    <datafield tag="264" ind1=" " ind2="1">
      <subfield code="a">Hki :</subfield>
      <subfield code="b">Tammi,</subfield>
      <subfield code="c">1973</subfield>
    </datafield>
    <datafield tag="264" ind1=" " ind2="3">
      <subfield code="b">(KK</subfield>
    </datafield>
    <datafield tag="300" ind1=" " ind2=" ">
      <subfield code="a">291, [1] s.</subfield>
      <subfield code="b">kuvitettu, karttoja</subfield>
      <subfield code="c">21 cm</subfield>
    </datafield>
    <datafield tag="336" ind1=" " ind2=" ">
      <subfield code="a">text</subfield>
      <subfield code="b">txt</subfield>
      <subfield code="2">rdacontent</subfield>
    </datafield>
    <datafield tag="337" ind1=" " ind2=" ">
      <subfield code="a">unmediated</subfield>
      <subfield code="b">n</subfield>
      <subfield code="2">rdamedia</subfield>
    </datafield>
    <datafield tag="338" ind1=" " ind2=" ">
      <subfield code="a">volume</subfield>
      <subfield code="b">nc</subfield>
      <subfield code="2">rdacarrier</subfield>
    </datafield>
    <datafield tag="340" ind1=" " ind2=" ">
      <subfield code="b">21 cm</subfield>
    </datafield>
    <datafield tag="500" ind1=" " ind2=" ">
      <subfield code="a">Lisp̃ainokset: 2. p. 1979.</subfield>
    </datafield>
    <datafield tag="500" ind1=" " ind2=" ">
      <subfield code="a">Luokkataso: alakoulu, ylk̃oulu.</subfield>
    </datafield>
    <datafield tag="520" ind1=" " ind2=" ">
      <subfield code="a">Hoppelit ovat pienenpient ̃vk̃e,̃ jotka rakastavat rauhaa ja hyvi ̃aterioita ja inhoavat kiusallisia seikkailuja. Tl̃lainen oli mys̲ Kalpa Kassinen siihen pĩvñ̃ asti, jolloin hñet houkuteltiin vaaralliselle retkelle etsimñ̃ aarretta.</subfield>
    </datafield>
    <datafield tag="599" ind1=" " ind2=" ">
      <subfield code="a">Imported from: melinda.kansalliskirjasto.fi:210/fin01 (Do not remove)</subfield>
    </datafield>
    <datafield tag="650" ind1=" " ind2="7">
      <subfield code="a">fantasiakirjallisuus</subfield>
      <subfield code="2">kaunokki</subfield>
    </datafield>
    <datafield tag="650" ind1=" " ind2="7">
      <subfield code="a">saturomaanit</subfield>
      <subfield code="2">kaunokki</subfield>
    </datafield>
    <datafield tag="650" ind1=" " ind2="7">
      <subfield code="a">seikkailu</subfield>
      <subfield code="x">sadut</subfield>
      <subfield code="2">kaunokki</subfield>
    </datafield>
    <datafield tag="655" ind1=" " ind2="4">
      <subfield code="0">https://id.kb.se/marc/Novel</subfield>
    </datafield>
    <datafield tag="700" ind1="1" ind2=" ">
      <subfield code="a">Jansson, Tove</subfield>
      <subfield code="d">1914-2001</subfield>
      <subfield code="0">https://viaf.org/viaf/111533709/</subfield>
      <subfield code="4">ill</subfield>
    </datafield>
    <datafield tag="700" ind1="1" ind2=" ">
      <subfield code="a">Pitkñen, Risto.</subfield>
    </datafield>
    <datafield tag="841" ind1=" " ind2=" ">
      <subfield code="5">Fini</subfield>
      <subfield code="a">x  a</subfield>
      <subfield code="b">190131||0000|||||000||||||000000</subfield>
      <subfield code="e">|</subfield>
    </datafield>
    <datafield tag="852" ind1=" " ind2=" ">
      <subfield code="5">Fini</subfield>
      <subfield code="b">Fini</subfield>
    </datafield>
    <datafield tag="887" ind1=" " ind2=" ">
      <subfield code="a">{"@id":"r1hf7cf7pwjgns7n","modified":"2019-01-31T15:15:20.328+01:00","checksum":"11395781630"}</subfield>
      <subfield code="2">librisxl</subfield>
    </datafield>
    <datafield tag="887" ind1=" " ind2=" ">
      <subfield code="5">Fini</subfield>
      <subfield code="a">{"@id":"v4ljbhcksq6gqw2l","modified":"2019-01-31T15:15:43.018+01:00","checksum":"58217701869"}</subfield>
      <subfield code="2">librisxl</subfield>
    </datafield>
  </record>