
  <record>
    <leader>04980cam a22011055a 4500</leader>
    <controlfield tag="001">5ffp27fl36226kpf</controlfield>
    <controlfield tag="003">LIBRIS</controlfield>
    <controlfield tag="005">20181004130327.0</controlfield>
    <controlfield tag="008">181004s2017    sw |||||||||||000 1|swe|c</controlfield>
    <datafield tag="040" ind1=" " ind2=" ">
      <subfield code="a">SEK</subfield>
      <subfield code="e">a</subfield>
    </datafield>
    <datafield tag="041" ind1="1" ind2=" ">
      <subfield code="a">swe</subfield>
      <subfield code="h">eng</subfield>
    </datafield>
    <datafield tag="082" ind1="0" ind2="4">
      <subfield code="a">741.5</subfield>
      <subfield code="2">22 (machine generated)</subfield>
    </datafield>
    <datafield tag="084" ind1=" " ind2=" ">
      <subfield code="a">Hci</subfield>
      <subfield code="2">kssb/8</subfield>
    </datafield>
    <datafield tag="100" ind1="1" ind2=" ">
      <subfield code="a">Dixon, Charles</subfield>
    </datafield>
    <datafield tag="240" ind1="1" ind2="4">
      <subfield code="a">The hobbit graphic novel.</subfield>
      <subfield code="l">Svenska</subfield>
    </datafield>
    <datafield tag="245" ind1="1" ind2="0">
      <subfield code="a">Bilbo hobbiten :</subfield>
      <subfield code="b">bort och hem igen /</subfield>
      <subfield code="c">av J.R.R. Tolkien ; adaption av Charles Dixon ; illustrerad av David Wenzel ; v̲ersatt av Britt G. Hallqvist ; textad av Gunnar Pettersson, Jan-Erik Hg̲lund.</subfield>
    </datafield>
    <datafield tag="250" ind1=" " ind2=" ">
      <subfield code="a">4 uppl.</subfield>
    </datafield>
    <datafield tag="264" ind1=" " ind2="1">
      <subfield code="a">Stockholm :</subfield>
      <subfield code="b">Epix,</subfield>
      <subfield code="c">2017</subfield>
    </datafield>
    <datafield tag="300" ind1=" " ind2=" ">
      <subfield code="a">133 s.</subfield>
      <subfield code="b">ill.</subfield>
    </datafield>
    <datafield tag="500" ind1=" " ind2=" ">
      <subfield code="a">Fr̲sta svenska uppl. 1992</subfield>
    </datafield>
    <datafield tag="500" ind1=" " ind2=" ">
      <subfield code="a">Tidigare utg. i 3 vol.</subfield>
    </datafield>
    <datafield tag="500" ind1=" " ind2=" ">
      <subfield code="a">Omarbetad upplaga av 2011 r̄s utgv̄a</subfield>
    </datafield>
    <datafield tag="655" ind1=" " ind2="7">
      <subfield code="a">Serieromaner</subfield>
      <subfield code="0">https://id.kb.se/term/saogf/Serieromaner</subfield>
      <subfield code="2">saogf</subfield>
    </datafield>
    <datafield tag="655" ind1=" " ind2="7">
      <subfield code="a">Skn̲litteratur</subfield>
      <subfield code="0">https://id.kb.se/term/saogf/Sk%C3%B6nlitteratur</subfield>
      <subfield code="2">saogf</subfield>
    </datafield>
    <datafield tag="655" ind1=" " ind2="4">
      <subfield code="0">https://id.kb.se/marc/FictionNotFurtherSpecified</subfield>
    </datafield>
    <datafield tag="700" ind1="1" ind2=" ">
      <subfield code="a">Tolkien, J. R. R.</subfield>
      <subfield code="q">(John Ronald Reuel),</subfield>
      <subfield code="d">1892-1973.</subfield>
      <subfield code="t">Bilbo</subfield>
    </datafield>
    <datafield tag="700" ind1="1" ind2=" ">
      <subfield code="a">Hallqvist, Britt G.,</subfield>
      <subfield code="d">1914-1997</subfield>
      <subfield code="4">trl</subfield>
    </datafield>
    <datafield tag="700" ind1="1" ind2=" ">
      <subfield code="a">Hg̲lund, Jan-Erik</subfield>
      <subfield code="4">ill</subfield>
    </datafield>
    <datafield tag="700" ind1="1" ind2=" ">
      <subfield code="a">Pettersson, Gunnar</subfield>
      <subfield code="4">ill</subfield>
    </datafield>
    <datafield tag="841" ind1=" " ind2=" ">
      <subfield code="5">Bo</subfield>
      <subfield code="a">x  2</subfield>
      <subfield code="b">181004||0000|||||000||||||000000</subfield>
      <subfield code="e">|</subfield>
    </datafield>
    <datafield tag="852" ind1=" " ind2=" ">
      <subfield code="5">Bo</subfield>
      <subfield code="b">Bo</subfield>
    </datafield>
    <datafield tag="887" ind1=" " ind2=" ">
      <subfield code="a">{"@id":"5ffp27fl36226kpf","modified":"2018-10-04T13:03:27.481+02:00","checksum":"85834793146"}</subfield>
      <subfield code="2">librisxl</subfield>
    </datafield>
    <datafield tag="887" ind1=" " ind2=" ">
      <subfield code="5">Bo</subfield>
      <subfield code="a">{"@id":"gqq0cjq0dggr0d4b","modified":"2018-10-04T13:03:27.562+02:00","checksum":"29068908124"}</subfield>
      <subfield code="2">librisxl</subfield>
    </datafield>
    <datafield tag="955" ind1=" " ind2="s">
      <subfield code="6">655</subfield>
      <subfield code="w">||e</subfield>
      <subfield code="a">Grafiska romaner</subfield>
      <subfield code="u">Serieromaner</subfield>
    </datafield>
    <datafield tag="955" ind1=" " ind2="k">
      <subfield code="6">655</subfield>
      <subfield code="w">g</subfield>
      <subfield code="a">Romaner</subfield>
      <subfield code="u">Serieromaner</subfield>
    </datafield>
    <datafield tag="955" ind1=" " ind2="k">
      <subfield code="6">655</subfield>
      <subfield code="w">g</subfield>
      <subfield code="a">Tecknade serier</subfield>
      <subfield code="u">Serieromaner</subfield>
    </datafield>
    <datafield tag="955" ind1=" " ind2="k">
      <subfield code="6">655</subfield>
      <subfield code="w">h</subfield>
      <subfield code="a">Allegorier</subfield>
      <subfield code="u">Skn̲litteratur</subfield>
    </datafield>
    <datafield tag="955" ind1=" " ind2="k">
      <subfield code="6">655</subfield>
      <subfield code="w">h</subfield>
      <subfield code="a">Arbetarskildringar</subfield>
      <subfield code="u">Skn̲litteratur</subfield>
    </datafield>
    <datafield tag="955" ind1=" " ind2="k">
      <subfield code="6">655</subfield>
      <subfield code="w">h</subfield>
      <subfield code="a">Barndomsskildringar</subfield>
      <subfield code="u">Skn̲litteratur</subfield>
    </datafield>
    <datafield tag="955" ind1=" " ind2="k">
      <subfield code="6">655</subfield>
      <subfield code="w">h</subfield>
      <subfield code="a">Biografiska skildringar</subfield>
      <subfield code="u">Skn̲litteratur</subfield>
    </datafield>
    <datafield tag="955" ind1=" " ind2="k">
      <subfield code="6">655</subfield>
      <subfield code="w">h</subfield>
      <subfield code="a">Chick lit</subfield>
      <subfield code="u">Skn̲litteratur</subfield>
    </datafield>
    <datafield tag="955" ind1=" " ind2="k">
      <subfield code="6">655</subfield>
      <subfield code="w">h</subfield>
      <subfield code="a">Deckare</subfield>
      <subfield code="u">Skn̲litteratur</subfield>
    </datafield>
    <datafield tag="955" ind1=" " ind2="k">
      <subfield code="6">655</subfield>
      <subfield code="w">h</subfield>
      <subfield code="a">Dialektlitteratur</subfield>
      <subfield code="u">Skn̲litteratur</subfield>
    </datafield>
    <datafield tag="955" ind1=" " ind2="k">
      <subfield code="6">655</subfield>
      <subfield code="w">h</subfield>
      <subfield code="a">Djurskildringar</subfield>
      <subfield code="u">Skn̲litteratur</subfield>
    </datafield>
    <datafield tag="955" ind1=" " ind2="k">
      <subfield code="6">655</subfield>
      <subfield code="w">h</subfield>
      <subfield code="a">Dokumentr̃a skildringar</subfield>
      <subfield code="u">Skn̲litteratur</subfield>
    </datafield>
    <datafield tag="955" ind1=" " ind2="k">
      <subfield code="6">655</subfield>
      <subfield code="w">h</subfield>
      <subfield code="a">Dramatik</subfield>
      <subfield code="u">Skn̲litteratur</subfield>
    </datafield>
    <datafield tag="955" ind1=" " ind2="k">
      <subfield code="6">655</subfield>
      <subfield code="w">h</subfield>
      <subfield code="a">Episka skildringar</subfield>
      <subfield code="u">Skn̲litteratur</subfield>
    </datafield>
    <datafield tag="955" ind1=" " ind2="k">
      <subfield code="6">655</subfield>
      <subfield code="w">h</subfield>
      <subfield code="a">Erotiska skildringar</subfield>
      <subfield code="u">Skn̲litteratur</subfield>
    </datafield>
    <datafield tag="955" ind1=" " ind2="k">
      <subfield code="6">655</subfield>
      <subfield code="w">h</subfield>
      <subfield code="a">Essẽr</subfield>
      <subfield code="u">Skn̲litteratur</subfield>
    </datafield>
    <datafield tag="955" ind1=" " ind2="k">
      <subfield code="6">655</subfield>
      <subfield code="w">h</subfield>
      <subfield code="a">Experimentell skn̲litteratur</subfield>
      <subfield code="u">Skn̲litteratur</subfield>
    </datafield>
    <datafield tag="955" ind1=" " ind2="k">
      <subfield code="6">655</subfield>
      <subfield code="w">h</subfield>
      <subfield code="a">Fabler</subfield>
      <subfield code="u">Skn̲litteratur</subfield>
    </datafield>
    <datafield tag="955" ind1=" " ind2="k">
      <subfield code="6">655</subfield>
      <subfield code="w">h</subfield>
      <subfield code="a">Familjeskildringar</subfield>
      <subfield code="u">Skn̲litteratur</subfield>
    </datafield>
    <datafield tag="955" ind1=" " ind2="k">
      <subfield code="6">655</subfield>
      <subfield code="w">h</subfield>
      <subfield code="a">Fanfiction</subfield>
      <subfield code="u">Skn̲litteratur</subfield>
    </datafield>
    <datafield tag="955" ind1=" " ind2="k">
      <subfield code="6">655</subfield>
      <subfield code="w">h</subfield>
      <subfield code="a">Fantasy</subfield>
      <subfield code="u">Skn̲litteratur</subfield>
    </datafield>
    <datafield tag="955" ind1=" " ind2="k">
      <subfield code="6">655</subfield>
      <subfield code="w">h</subfield>
      <subfield code="a">Feelgood</subfield>
      <subfield code="u">Skn̲litteratur</subfield>
    </datafield>
    <datafield tag="955" ind1=" " ind2="k">
      <subfield code="6">655</subfield>
      <subfield code="w">h</subfield>
      <subfield code="a">Folkdiktning</subfield>
      <subfield code="u">Skn̲litteratur</subfield>
    </datafield>
    <datafield tag="955" ind1=" " ind2="k">
      <subfield code="6">655</subfield>
      <subfield code="w">h</subfield>
      <subfield code="a">Framtidsskildringar</subfield>
      <subfield code="u">Skn̲litteratur</subfield>
    </datafield>
    <datafield tag="955" ind1=" " ind2="k">
      <subfield code="6">655</subfield>
      <subfield code="w">h</subfield>
      <subfield code="a">Fl̲jetonger</subfield>
      <subfield code="u">Skn̲litteratur</subfield>
    </datafield>
    <datafield tag="955" ind1=" " ind2="k">
      <subfield code="6">655</subfield>
      <subfield code="w">h</subfield>
      <subfield code="a">Herdediktning</subfield>
      <subfield code="u">Skn̲litteratur</subfield>
    </datafield>
    <datafield tag="955" ind1=" " ind2="k">
      <subfield code="6">655</subfield>
      <subfield code="w">h</subfield>
      <subfield code="a">Historiska skildringar</subfield>
      <subfield code="u">Skn̲litteratur</subfield>
    </datafield>
    <datafield tag="955" ind1=" " ind2="k">
      <subfield code="6">655</subfield>
      <subfield code="w">h</subfield>
      <subfield code="a">Humor</subfield>
      <subfield code="u">Skn̲litteratur</subfield>
    </datafield>
    <datafield tag="955" ind1=" " ind2="k">
      <subfield code="6">655</subfield>
      <subfield code="w">h</subfield>
      <subfield code="a">Kontrafaktisk historia</subfield>
      <subfield code="u">Skn̲litteratur</subfield>
    </datafield>
    <datafield tag="955" ind1=" " ind2="k">
      <subfield code="6">655</subfield>
      <subfield code="w">h</subfield>
      <subfield code="a">Krigsskildringar</subfield>
      <subfield code="u">Skn̲litteratur</subfield>
    </datafield>
    <datafield tag="955" ind1=" " ind2="k">
      <subfield code="6">655</subfield>
      <subfield code="w">h</subfield>
      <subfield code="a">Kr̃leksskildringar</subfield>
      <subfield code="u">Skn̲litteratur</subfield>
    </datafield>
    <datafield tag="955" ind1=" " ind2="k">
      <subfield code="6">655</subfield>
      <subfield code="w">h</subfield>
      <subfield code="a">Magisk realism</subfield>
      <subfield code="u">Skn̲litteratur</subfield>
    </datafield>
    <datafield tag="955" ind1=" " ind2="k">
      <subfield code="6">655</subfield>
      <subfield code="w">h</subfield>
      <subfield code="a">Noveller</subfield>
      <subfield code="u">Skn̲litteratur</subfield>
    </datafield>
    <datafield tag="955" ind1=" " ind2="k">
      <subfield code="6">655</subfield>
      <subfield code="w">h</subfield>
      <subfield code="a">Parafraser</subfield>
      <subfield code="u">Skn̲litteratur</subfield>
    </datafield>
    <datafield tag="955" ind1=" " ind2="k">
      <subfield code="6">655</subfield>
      <subfield code="w">h</subfield>
      <subfield code="a">Parodier</subfield>
      <subfield code="u">Skn̲litteratur</subfield>
    </datafield>
    <datafield tag="955" ind1=" " ind2="k">
      <subfield code="6">655</subfield>
      <subfield code="w">h</subfield>
      <subfield code="a">Pastischer</subfield>
      <subfield code="u">Skn̲litteratur</subfield>
    </datafield>
    <datafield tag="955" ind1=" " ind2="k">
      <subfield code="6">655</subfield>
      <subfield code="w">h</subfield>
      <subfield code="a">Psykologiska skildringar</subfield>
      <subfield code="u">Skn̲litteratur</subfield>
    </datafield>
    <datafield tag="955" ind1=" " ind2="k">
      <subfield code="6">655</subfield>
      <subfield code="w">h</subfield>
      <subfield code="a">Poesi</subfield>
      <subfield code="u">Skn̲litteratur</subfield>
    </datafield>
    <datafield tag="955" ind1=" " ind2="k">
      <subfield code="6">655</subfield>
      <subfield code="w">h</subfield>
      <subfield code="a">Politiska skildringar</subfield>
      <subfield code="u">Skn̲litteratur</subfield>
    </datafield>
    <datafield tag="955" ind1=" " ind2="k">
      <subfield code="6">655</subfield>
      <subfield code="w">h</subfield>
      <subfield code="a">Rambert̃telser</subfield>
      <subfield code="u">Skn̲litteratur</subfield>
    </datafield>
    <datafield tag="955" ind1=" " ind2="k">
      <subfield code="6">655</subfield>
      <subfield code="w">h</subfield>
      <subfield code="a">Relationsskildringar</subfield>
      <subfield code="u">Skn̲litteratur</subfield>
    </datafield>
    <datafield tag="955" ind1=" " ind2="k">
      <subfield code="6">655</subfield>
      <subfield code="w">h</subfield>
      <subfield code="a">Religis̲a skildringar</subfield>
      <subfield code="u">Skn̲litteratur</subfield>
    </datafield>
    <datafield tag="955" ind1=" " ind2="k">
      <subfield code="6">655</subfield>
      <subfield code="w">h</subfield>
      <subfield code="a">Riddardiktning</subfield>
      <subfield code="u">Skn̲litteratur</subfield>
    </datafield>
    <datafield tag="955" ind1=" " ind2="k">
      <subfield code="6">655</subfield>
      <subfield code="w">h</subfield>
      <subfield code="a">Robinsonader</subfield>
      <subfield code="u">Skn̲litteratur</subfield>
    </datafield>
    <datafield tag="955" ind1=" " ind2="k">
      <subfield code="6">655</subfield>
      <subfield code="w">h</subfield>
      <subfield code="a">Romaner</subfield>
      <subfield code="u">Skn̲litteratur</subfield>
    </datafield>
    <datafield tag="955" ind1=" " ind2="k">
      <subfield code="6">655</subfield>
      <subfield code="w">h</subfield>
      <subfield code="a">Sagalitteratur</subfield>
      <subfield code="u">Skn̲litteratur</subfield>
    </datafield>
    <datafield tag="955" ind1=" " ind2="k">
      <subfield code="6">655</subfield>
      <subfield code="w">h</subfield>
      <subfield code="a">Sagor</subfield>
      <subfield code="u">Skn̲litteratur</subfield>
    </datafield>
    <datafield tag="955" ind1=" " ind2="k">
      <subfield code="6">655</subfield>
      <subfield code="w">h</subfield>
      <subfield code="a">Samhl̃lskritiska skildringar</subfield>
      <subfield code="u">Skn̲litteratur</subfield>
    </datafield>
    <datafield tag="955" ind1=" " ind2="k">
      <subfield code="6">655</subfield>
      <subfield code="w">h</subfield>
      <subfield code="a">Samhl̃lsskildringar</subfield>
      <subfield code="u">Skn̲litteratur</subfield>
    </datafield>
    <datafield tag="955" ind1=" " ind2="k">
      <subfield code="6">655</subfield>
      <subfield code="w">h</subfield>
      <subfield code="a">Satir</subfield>
      <subfield code="u">Skn̲litteratur</subfield>
    </datafield>
    <datafield tag="955" ind1=" " ind2="k">
      <subfield code="6">655</subfield>
      <subfield code="w">h</subfield>
      <subfield code="a">Science fiction</subfield>
      <subfield code="u">Skn̲litteratur</subfield>
    </datafield>
    <datafield tag="955" ind1=" " ind2="k">
      <subfield code="6">655</subfield>
      <subfield code="w">h</subfield>
      <subfield code="a">Sedeskildringar</subfield>
      <subfield code="u">Skn̲litteratur</subfield>
    </datafield>
    <datafield tag="955" ind1=" " ind2="k">
      <subfield code="6">655</subfield>
      <subfield code="w">h</subfield>
      <subfield code="a">Sjukdomsskildringar</subfield>
      <subfield code="u">Skn̲litteratur</subfield>
    </datafield>
    <datafield tag="955" ind1=" " ind2="k">
      <subfield code="6">655</subfield>
      <subfield code="w">h</subfield>
      <subfield code="a">Sjb̲ert̃telser</subfield>
      <subfield code="u">Skn̲litteratur</subfield>
    </datafield>
    <datafield tag="955" ind1=" " ind2="k">
      <subfield code="6">655</subfield>
      <subfield code="w">h</subfield>
      <subfield code="a">Skrc̃k</subfield>
      <subfield code="u">Skn̲litteratur</subfield>
    </datafield>
    <datafield tag="955" ind1=" " ind2="k">
      <subfield code="6">655</subfield>
      <subfield code="w">h</subfield>
      <subfield code="a">Slk̃tskildringar</subfield>
      <subfield code="u">Skn̲litteratur</subfield>
    </datafield>
    <datafield tag="955" ind1=" " ind2="k">
      <subfield code="6">655</subfield>
      <subfield code="w">h</subfield>
      <subfield code="a">Tecknade serier</subfield>
      <subfield code="u">Skn̲litteratur</subfield>
    </datafield>
    <datafield tag="955" ind1=" " ind2="k">
      <subfield code="6">655</subfield>
      <subfield code="w">h</subfield>
      <subfield code="a">Thrillers</subfield>
      <subfield code="u">Skn̲litteratur</subfield>
    </datafield>
    <datafield tag="955" ind1=" " ind2="k">
      <subfield code="6">655</subfield>
      <subfield code="w">h</subfield>
      <subfield code="a">Utopier</subfield>
      <subfield code="u">Skn̲litteratur</subfield>
    </datafield>
    <datafield tag="955" ind1=" " ind2="k">
      <subfield code="6">655</subfield>
      <subfield code="w">h</subfield>
      <subfield code="a">Versbert̃telser</subfield>
      <subfield code="u">Skn̲litteratur</subfield>
    </datafield>
    <datafield tag="955" ind1=" " ind2="k">
      <subfield code="6">655</subfield>
      <subfield code="w">h</subfield>
      <subfield code="a">Vs̃ternskildringar</subfield>
      <subfield code="u">Skn̲litteratur</subfield>
    </datafield>
    <datafield tag="955" ind1=" " ind2="k">
      <subfield code="6">655</subfield>
      <subfield code="w">h</subfield>
      <subfield code="a">♯ventyrsskildringar</subfield>
      <subfield code="u">Skn̲litteratur</subfield>
    </datafield>
  </record>