
  <record>
    <leader>01028cam a22003018i 4500</leader>
    <controlfield tag="001">v4497h9nsst95l7l</controlfield>
    <controlfield tag="003">LIBRIS</controlfield>
    <controlfield tag="005">20181003132011.0</controlfield>
    <controlfield tag="008">181003s2001    xx |||||||||||000 0|eng|d</controlfield>
    <datafield tag="020" ind1=" " ind2=" ">
      <subfield code="a">9781857152241</subfield>
      <subfield code="q">inbunden</subfield>
    </datafield>
    <datafield tag="035" ind1=" " ind2=" ">
      <subfield code="a">(BOKR)9781857152241</subfield>
    </datafield>
    <datafield tag="040" ind1=" " ind2=" ">
      <subfield code="a">BOKR</subfield>
      <subfield code="e">i</subfield>
    </datafield>
    <datafield tag="041" ind1=" " ind2=" ">
      <subfield code="a">eng</subfield>
    </datafield>
    <datafield tag="100" ind1="1" ind2=" ">
      <subfield code="a">Langland, William</subfield>
      <subfield code="0">https://www.wikidata.org/wiki/Q467672</subfield>
      <subfield code="4">aut</subfield>
    </datafield>
    <datafield tag="245" ind1="1" ind2="0">
      <subfield code="a">Piers plowman, sir gawain and the green knight</subfield>
    </datafield>
    <datafield tag="263" ind1=" " ind2=" ">
      <subfield code="a">200106</subfield>
    </datafield>
    <datafield tag="264" ind1=" " ind2="1">
      <subfield code="b">Everyman,</subfield>
      <subfield code="c">2001</subfield>
    </datafield>
    <datafield tag="300" ind1=" " ind2=" ">
      <subfield code="a">400 sidor</subfield>
      <subfield code="c">13 cm</subfield>
    </datafield>
    <datafield tag="336" ind1=" " ind2=" ">
      <subfield code="b">txt</subfield>
      <subfield code="2">rdacontent</subfield>
    </datafield>
    <datafield tag="337" ind1=" " ind2=" ">
      <subfield code="b">n</subfield>
      <subfield code="2">rdamedia</subfield>
    </datafield>
    <datafield tag="338" ind1=" " ind2=" ">
      <subfield code="b">nc</subfield>
      <subfield code="2">rdacarrier</subfield>
    </datafield>
    <datafield tag="340" ind1=" " ind2=" ">
      <subfield code="b">13 cm</subfield>
    </datafield>
    <datafield tag="490" ind1="0" ind2=" ">
      <subfield code="a">EVERYMANS LIBRARY</subfield>
    </datafield>
    <datafield tag="599" ind1=" " ind2=" ">
      <subfield code="a">Maskinellt genererad post. ♯ndra kod fr̲ fullstñdighetsniv ̄(leader/17), annars kommer manuellt gjorda ñdringar att fr̲svinna.</subfield>
    </datafield>
    <datafield tag="655" ind1=" " ind2="4">
      <subfield code="0">https://id.kb.se/marc/NotFictionNotFurtherSpecified</subfield>
    </datafield>
    <datafield tag="700" ind1="1" ind2=" ">
      <subfield code="a">Tolkien, J. R. R.</subfield>
      <subfield code="4">trl</subfield>
    </datafield>
    <datafield tag="700" ind1="1" ind2=" ">
      <subfield code="a">Tolkien, Christopher</subfield>
      <subfield code="d">https://viaf.org/viaf/12315790/</subfield>
      <subfield code="4">edt</subfield>
    </datafield>
    <datafield tag="887" ind1=" " ind2=" ">
      <subfield code="a">{"@id":"v4497h9nsst95l7l","modified":"2018-10-03T13:20:11.379+02:00","checksum":"44557339070"}</subfield>
      <subfield code="2">librisxl</subfield>
    </datafield>
  </record>