
  <record>
    <leader>01012nam a22002537i 4500</leader>
    <controlfield tag="001">s2l71hn5qtl2s2kl</controlfield>
    <controlfield tag="003">LIBRIS</controlfield>
    <controlfield tag="005">20190215112716.0</controlfield>
    <controlfield tag="008">190215|        |  |||||||||||000 ||swe|c</controlfield>
    <datafield tag="040" ind1=" " ind2=" ">
      <subfield code="a">Kurs</subfield>
      <subfield code="b">swe</subfield>
      <subfield code="e">i</subfield>
      <subfield code="e">rda</subfield>
    </datafield>
    <datafield tag="041" ind1=" " ind2=" ">
      <subfield code="a">swe</subfield>
    </datafield>
    <datafield tag="100" ind1="1" ind2=" ">
      <subfield code="a">Rowling, J. K.</subfield>
      <subfield code="4">aut</subfield>
      <subfield code="0">https://libris.kb.se/20dgctjl3gb5gzg#it</subfield>
    </datafield>
    <datafield tag="240" ind1="1" ind2="">
      <subfield code="a">Harry Potter and the prisoner of azkaban </subfield>
      <subfield code="0">https://viaf.org/viaf/313239035/</subfield>  
    </datafield>
    <datafield tag="245" ind1="1" ind2="0">
      <subfield code="a">Harry Potter :</subfield>
      <subfield code="b">och Fängen från Azkaban</subfield>
    </datafield>
    <datafield tag="336" ind1=" " ind2=" ">
      <subfield code="a">text</subfield>
      <subfield code="b">txt</subfield>
      <subfield code="2">rdacontent</subfield>
    </datafield>
    <datafield tag="338" ind1=" " ind2=" ">
      <subfield code="a">volume</subfield>
      <subfield code="b">nc</subfield>
      <subfield code="2">rdacarrier</subfield>
    </datafield>
    <datafield tag="887" ind1=" " ind2=" ">
      <subfield code="a">{"@id":"s2l71hn5qtl2s2kl","modified":"2019-02-15T11:27:16.623+01:00","checksum":"51756197080"}</subfield>
      <subfield code="2">librisxl</subfield>
    </datafield>
    <datafield tag="900" ind1="0" ind2="s">
      <subfield code="6">100</subfield>
      <subfield code="a"> . .,</subfield>
      <subfield code="d">1965-</subfield>
      <subfield code="u">Rowling, J. K.</subfield>
    </datafield>
    <datafield tag="900" ind1="1" ind2="s">
      <subfield code="6">100</subfield>
      <subfield code="a">Rowling, J. K.</subfield>
      <subfield code="q">(Joanne Kathleen)</subfield>
      <subfield code="u">Rowling, J. K.</subfield>
    </datafield>
    <datafield tag="900" ind1="1" ind2="s">
      <subfield code="6">100</subfield>
      <subfield code="a">Rowling, Joanne K.</subfield>
      <subfield code="u">Rowling, J. K.</subfield>
    </datafield>
    <datafield tag="900" ind1="1" ind2="s">
      <subfield code="6">100</subfield>
      <subfield code="a">Roling, J. K.</subfield>
      <subfield code="u">Rowling, J. K.</subfield>
    </datafield>
    <datafield tag="900" ind1="1" ind2="s">
      <subfield code="6">100</subfield>
      <subfield code="a">Rouling, Dzj. K.</subfield>
      <subfield code="u">Rowling, J. K.</subfield>
    </datafield>
    <datafield tag="900" ind1="1" ind2="s">
      <subfield code="6">100</subfield>
      <subfield code="a">Ruling, Ji. Ki.</subfield>
      <subfield code="u">Rowling, J. K.</subfield>
    </datafield>
    <datafield tag="900" ind1="1" ind2="s">
      <subfield code="6">100</subfield>
      <subfield code="a">Scamander, Newt</subfield>
      <subfield code="c">(fiktiv gestalt)</subfield>
      <subfield code="u">Rowling, J. K.</subfield>
    </datafield>
    <datafield tag="900" ind1="1" ind2="k">
      <subfield code="6">100</subfield>
      <subfield code="a">Galbraith, Robert,</subfield>
      <subfield code="d">1965-</subfield>
      <subfield code="u">Rowling, J. K.</subfield>
    </datafield>
  </record>