
  <record>
    <leader>03741cam a22007937i 4500</leader>
    <controlfield tag="001">8j1jgrkt6q9xf9wb</controlfield>
    <controlfield tag="003">LIBRIS</controlfield>
    <controlfield tag="005">20190205145549.0</controlfield>
    <controlfield tag="008">190205s2018    mp ||||j||||||000 ||mon|c</controlfield>
    <datafield tag="020" ind1=" " ind2=" ">
      <subfield code="a">9789997316028</subfield>
    </datafield>
    <datafield tag="040" ind1=" " ind2=" ">
      <subfield code="a">Ilc</subfield>
      <subfield code="b">swe</subfield>
      <subfield code="e">i</subfield>
      <subfield code="e">rda</subfield>
    </datafield>
    <datafield tag="041" ind1="1" ind2=" ">
      <subfield code="a">mon</subfield>
      <subfield code="h">eng</subfield>
    </datafield>
    <datafield tag="082" ind1="0" ind2="4">
      <subfield code="a">894.2</subfield>
      <subfield code="2">22 (machine generated)</subfield>
    </datafield>
    <datafield tag="084" ind1=" " ind2=" ">
      <subfield code="a">Huuee.01</subfield>
      <subfield code="2">kssb/8</subfield>
    </datafield>
    <datafield tag="100" ind1="1" ind2=" ">
      <subfield code="a">Rowling, J. K.</subfield>
      <subfield code="4">aut</subfield>
      <subfield code="0">https://libris.kb.se/20dgctjl3gb5gzg#it</subfield>
    </datafield>
    <datafield tag="240" ind1="1" ind2="0">
      <subfield code="a"> Harry Potter and the prisoner of Azkaban</subfield>
      <subfield code="l">Mongoliska</subfield>
    </datafield>
    <datafield tag="245" ind1="1" ind2="0">
      <subfield code="a">Kharri Potter ba Azkabany khorigdol :</subfield>
      <subfield code="b">3 /</subfield>
      <subfield code="c">J.K. Rouling ; angli khelnees orchuulsan N. Ehkhnaran.</subfield>
    </datafield>
    <datafield tag="250" ind1=" " ind2=" ">
      <subfield code="a">[1 upplagan]</subfield>
    </datafield>
    <datafield tag="264" ind1=" " ind2="1">
      <subfield code="a">Ulaanbaatar :</subfield>
      <subfield code="b">Monsudar,</subfield>
      <subfield code="c">2018</subfield>
    </datafield>
    <datafield tag="300" ind1=" " ind2=" ">
      <subfield code="a">478 sidor</subfield>
    </datafield>
    <datafield tag="336" ind1=" " ind2=" ">
      <subfield code="a">text</subfield>
      <subfield code="b">txt</subfield>
      <subfield code="2">rdacontent</subfield>
    </datafield>
    <datafield tag="337" ind1=" " ind2=" ">
      <subfield code="a">unmediated</subfield>
      <subfield code="b">n</subfield>
      <subfield code="2">rdamedia</subfield>
    </datafield>
    <datafield tag="338" ind1=" " ind2=" ">
      <subfield code="a">volume</subfield>
      <subfield code="b">nc</subfield>
      <subfield code="2">rdacarrier</subfield>
    </datafield>
    <datafield tag="490" ind1="1" ind2=" ">
      <subfield code="a">Kharri Potter ;</subfield>
      <subfield code="v">3</subfield>
    </datafield>
    <datafield tag="600" ind1="1" ind2="4">
      <subfield code="a">Potter, Harry</subfield>
      <subfield code="c">(fiktiv gestalt)</subfield>
      <subfield code="0">https://libris.kb.se/gdsvxlr05j7dtx8#it</subfield>
    </datafield>
    <datafield tag="650" ind1=" " ind2="7">
      <subfield code="a">Parallella världar</subfield>
      <subfield code="0">https://id.kb.se/term/barn/Parallella%20v%C3%A4rldar</subfield>
      <subfield code="2">barn</subfield>
    </datafield>
    <datafield tag="650" ind1=" " ind2="7">
      <subfield code="a">Internatskolor</subfield>
      <subfield code="0">https://id.kb.se/term/barn/Internatskolor</subfield>
      <subfield code="2">barn</subfield>
    </datafield>
    <datafield tag="650" ind1=" " ind2="7">
      <subfield code="a">Fr̲l̃drals̲</subfield>
      <subfield code="0">https://id.kb.se/term/barn/F%C3%B6r%C3%A4ldral%C3%B6s</subfield>
      <subfield code="2">barn</subfield>
    </datafield>
    <datafield tag="650" ind1=" " ind2="7">
      <subfield code="a">Slk̃tingar</subfield>
      <subfield code="0">https://id.kb.se/term/barn/Sl%C3%A4ktingar</subfield>
      <subfield code="2">barn</subfield>
    </datafield>
    <datafield tag="650" ind1=" " ind2="7">
      <subfield code="a">Trollkarlar</subfield>
      <subfield code="0">https://id.kb.se/term/barn/Trollkarlar</subfield>
      <subfield code="2">barn</subfield>
    </datafield>
    <datafield tag="650" ind1=" " ind2="7">
      <subfield code="a">Magi</subfield>
      <subfield code="0">https://id.kb.se/term/barn/Magi</subfield>
      <subfield code="2">barn</subfield>
    </datafield>
    <datafield tag="651" ind1=" " ind2="7">
      <subfield code="a">Storbritannien</subfield>
      <subfield code="z">England</subfield>
      <subfield code="0">https://id.kb.se/term/sao/Storbritannien--England</subfield>
      <subfield code="2">sao</subfield>
    </datafield>
    <datafield tag="655" ind1=" " ind2="7">
      <subfield code="a">Fantasy</subfield>
      <subfield code="0">https://id.kb.se/term/barngf/Fantasy</subfield>
      <subfield code="2">barngf</subfield>
    </datafield>
    <datafield tag="655" ind1=" " ind2="7">
      <subfield code="a">Mellanl̄dersbc̲ker</subfield>
      <subfield code="0">https://id.kb.se/term/barngf/Mellan%C3%A5ldersb%C3%B6cker</subfield>
      <subfield code="2">barngf</subfield>
    </datafield>
    <datafield tag="655" ind1=" " ind2="7">
      <subfield code="a">Barn- och ungdomslitteratur</subfield>
      <subfield code="0">https://id.kb.se/term/barngf/Barn-%20och%20ungdomslitteratur</subfield>
      <subfield code="2">barngf</subfield>
    </datafield>
    <datafield tag="700" ind1="1" ind2=" ">
      <subfield code="a">Enkhanaran, N.</subfield>
      <subfield code="4">trl</subfield>
    </datafield>
    <datafield tag="830" ind1=" " ind2="0">
      <subfield code="a">Kharri Potter ;</subfield>
      <subfield code="v">3</subfield>
    </datafield>
    <datafield tag="841" ind1=" " ind2=" ">
      <subfield code="5">Ilc</subfield>
      <subfield code="a">x  a</subfield>
      <subfield code="b">190205||0000|||||000||||||000000</subfield>
      <subfield code="e">|</subfield>
    </datafield>
    <datafield tag="852" ind1=" " ind2=" ">
      <subfield code="5">Ilc</subfield>
      <subfield code="b">Ilc</subfield>
      <subfield code="h">ugHuu</subfield>
    </datafield>
    <datafield tag="887" ind1=" " ind2=" ">
      <subfield code="a">{"@id":"8j1jgrkt6q9xf9wb","modified":"2019-02-05T14:55:49.514+01:00","checksum":"245261078839"}</subfield>
      <subfield code="2">librisxl</subfield>
    </datafield>
    <datafield tag="887" ind1=" " ind2=" ">
      <subfield code="5">Ilc</subfield>
      <subfield code="a">{"@id":"lvcvs387jgnvmzt8","modified":"2019-02-05T14:55:59.453+01:00","checksum":"34885679144"}</subfield>
      <subfield code="2">librisxl</subfield>
    </datafield>
    <datafield tag="900" ind1="0" ind2="s">
      <subfield code="6">600</subfield>
      <subfield code="a">Harry Potter</subfield>
      <subfield code="c">(fiktiv gestalt)</subfield>
      <subfield code="u">Potter, Harry</subfield>
      <subfield code="c">(fiktiv gestalt)</subfield>
    </datafield>
    <datafield tag="900" ind1="0" ind2="s">
      <subfield code="6">100</subfield>
      <subfield code="a"> . .,</subfield>
      <subfield code="d">1965-</subfield>
      <subfield code="u">Rowling, J. K.</subfield>
    </datafield>
    <datafield tag="900" ind1="1" ind2="s">
      <subfield code="6">100</subfield>
      <subfield code="a">Rowling, J. K.</subfield>
      <subfield code="q">(Joanne Kathleen)</subfield>
      <subfield code="u">Rowling, J. K.</subfield>
    </datafield>
    <datafield tag="900" ind1="1" ind2="s">
      <subfield code="6">100</subfield>
      <subfield code="a">Rowling, Joanne K.</subfield>
      <subfield code="u">Rowling, J. K.</subfield>
    </datafield>
    <datafield tag="900" ind1="1" ind2="s">
      <subfield code="6">100</subfield>
      <subfield code="a">Roling, Dzj. K.</subfield>
      <subfield code="u">Rowling, J. K.</subfield>
    </datafield>
    <datafield tag="900" ind1="1" ind2="s">
      <subfield code="6">100</subfield>
      <subfield code="a">Rouling, Dzj. K.</subfield>
      <subfield code="u">Rowling, J. K.</subfield>
    </datafield>
    <datafield tag="900" ind1="1" ind2="s">
      <subfield code="6">100</subfield>
      <subfield code="a">Ruling, Ji. Ki.</subfield>
      <subfield code="u">Rowling, J. K.</subfield>
    </datafield>
    <datafield tag="900" ind1="1" ind2="s">
      <subfield code="6">100</subfield>
      <subfield code="a">Scamander, Newt</subfield>
      <subfield code="c">(fiktiv gestalt)</subfield>
      <subfield code="u">Rowling, J. K.</subfield>
    </datafield>
    <datafield tag="900" ind1="1" ind2="k">
      <subfield code="6">100</subfield>
      <subfield code="a">Galbraith, Robert,</subfield>
      <subfield code="d">1965-</subfield>
      <subfield code="u">Rowling, J. K.</subfield>
    </datafield>
    <datafield tag="950" ind1=" " ind2="k">
      <subfield code="6">650</subfield>
      <subfield code="w">g</subfield>
      <subfield code="a">&amp;#xd6;vernaturliga fenomen</subfield>
      <subfield code="u">Parallella vr̃ldar</subfield>
    </datafield>
    <datafield tag="950" ind1=" " ind2="k">
      <subfield code="6">650</subfield>
      <subfield code="w">g</subfield>
      <subfield code="a">Familjen</subfield>
      <subfield code="u">Fr̲l̃drals̲</subfield>
    </datafield>
    <datafield tag="950" ind1=" " ind2="k">
      <subfield code="6">650</subfield>
      <subfield code="w">g</subfield>
      <subfield code="a">Sociala problem</subfield>
      <subfield code="u">Fr̲l̃drals̲</subfield>
    </datafield>
    <datafield tag="950" ind1=" " ind2="k">
      <subfield code="6">650</subfield>
      <subfield code="w">h</subfield>
      <subfield code="a">Livet</subfield>
      <subfield code="u"/>
    </datafield>
    <datafield tag="950" ind1=" " ind2="k">
      <subfield code="6">650</subfield>
      <subfield code="w">g</subfield>
      <subfield code="a">&amp;#xd6;vernaturliga fenomen</subfield>
      <subfield code="u">Magi</subfield>
    </datafield>
    <datafield tag="950" ind1=" " ind2="s">
      <subfield code="6">650</subfield>
      <subfield code="a">Kusiner</subfield>
      <subfield code="u">Slk̃tingar</subfield>
    </datafield>
    <datafield tag="950" ind1=" " ind2="k">
      <subfield code="6">650</subfield>
      <subfield code="w">g</subfield>
      <subfield code="a">Familjen</subfield>
      <subfield code="u">Slk̃tingar</subfield>
    </datafield>
    <datafield tag="950" ind1=" " ind2="s">
      <subfield code="6">650</subfield>
      <subfield code="a">Illusionister</subfield>
      <subfield code="u">Trollkarlar</subfield>
    </datafield>
    <datafield tag="950" ind1=" " ind2="k">
      <subfield code="6">650</subfield>
      <subfield code="w">g</subfield>
      <subfield code="a">Cirkus</subfield>
      <subfield code="u">Trollkarlar</subfield>
    </datafield>
    <datafield tag="950" ind1=" " ind2="k">
      <subfield code="6">650</subfield>
      <subfield code="w">g</subfield>
      <subfield code="a">Konstnr̃liga yrken</subfield>
      <subfield code="u">Trollkarlar</subfield>
    </datafield>
    <datafield tag="950" ind1=" " ind2="k">
      <subfield code="6">650</subfield>
      <subfield code="w">g</subfield>
      <subfield code="a">övernaturliga väsen</subfield>
      <subfield code="u">Trollkarlar</subfield>
    </datafield>
    <datafield tag="950" ind1=" " ind2="k">
      <subfield code="6">650</subfield>
      <subfield code="w">g</subfield>
      <subfield code="a">Milje̲r</subfield>
      <subfield code="u">Internatskolor</subfield>
    </datafield>
    <datafield tag="950" ind1=" " ind2="k">
      <subfield code="6">650</subfield>
      <subfield code="w">g</subfield>
      <subfield code="a">Skolan</subfield>
      <subfield code="u">Internatskolor</subfield>
    </datafield>
    <datafield tag="951" ind1=" " ind2="s">
      <subfield code="6">651</subfield>
      <subfield code="w">||e</subfield>
      <subfield code="a">England</subfield>
      <subfield code="u">Storbritannien</subfield>
      <subfield code="z">England</subfield>
    </datafield>
    <datafield tag="955" ind1=" " ind2="s">
      <subfield code="6">655</subfield>
      <subfield code="a">Fantasivr̃ldar</subfield>
      <subfield code="u">Fantasy</subfield>
    </datafield>
    <datafield tag="955" ind1=" " ind2="k">
      <subfield code="6">655</subfield>
      <subfield code="a">Kapitelbc̲ker</subfield>
      <subfield code="u">Mellanl̄dersbc̲ker</subfield>
    </datafield>
    <datafield tag="955" ind1=" " ind2="s">
      <subfield code="6">655</subfield>
      <subfield code="a">Ungdomslitteratur</subfield>
      <subfield code="u">Barn- och ungdomslitteratur</subfield>
    </datafield>
    <datafield tag="976" ind1="0" ind2=" ">
      <subfield code="a">Huu</subfield>
      <subfield code="b">Skjønnlitteratur: mongoliska sprk̄</subfield>
    </datafield>
  </record>