
  <!--<record>
    <leader>00891nam a22002533n 450 </leader>
    <controlfield tag="001">FRBNF333887000000000</controlfield>
    <controlfield tag="003">http://catalogue.bnf.fr/ark:/12148/cb33388700t</controlfield>
    <datafield tag="039" ind1=" " ind2=" ">
      <subfield code="o">CRI</subfield>
      <subfield code="a">AN027700330001P D</subfield>
    </datafield>
    <datafield tag="101" ind1="0" ind2=" ">
      <subfield code="a">eng</subfield>
    </datafield>
    <datafield tag="102" ind1=" " ind2=" ">
      <subfield code="a">US</subfield>
    </datafield>
    <datafield tag="181" ind1=" " ind2=" ">
      <subfield code="6">02</subfield>
      <subfield code="c">txt</subfield>
      <subfield code="2">rdacontent</subfield>
    </datafield>
    <datafield tag="182" ind1=" " ind2=" ">
      <subfield code="6">02</subfield>
      <subfield code="c">n</subfield>
      <subfield code="2">rdamedia</subfield>
    </datafield>
    <datafield tag="245" ind1="1" ind2=" ">
      <subfield code="a">Famous Women</subfield>
      <subfield code="b">Texte imprime</subfield>
    </datafield>
    <datafield tag="210" ind1=" " ind2=" ">
      <subfield code="a">Boston</subfield>
      <subfield code="c">Roberts </subfield>
    </datafield>
    <datafield tag="215" ind1=" " ind2=" ">
      <subfield code="a">In-16</subfield>
    </datafield>
    <datafield tag="300" ind1=" " ind2=" ">
      <subfield code="a">Collection dont chaque volume sera annonce sous son titre particulier</subfield>
    </datafield>
    <datafield tag="327" ind1="1" ind2=" ">
      <subfield code="a">Susanna Wesley. By Eliza Clarke. - 1886</subfield>
    </datafield>
    <datafield tag="801" ind1=" " ind2="0">
      <subfield code="a">FR</subfield>
      <subfield code="b">FR-751131015</subfield>
      <subfield code="c">19970701</subfield>
      <subfield code="g">AFNOR</subfield>
      <subfield code="h">FRBNF333887000000000</subfield>
      <subfield code="2">intermrc</subfield>
    </datafield>
    <datafield tag="930" ind1=" " ind2=" ">
      <subfield code="5">FR-751131007:33388700001001</subfield>
      <subfield code="a">8-G-5821</subfield>
      <subfield code="b">759999999</subfield>
      <subfield code="c">Tolbiac - Rez de Jardin - Philosophie, histoire, sciences de l'homme - Magasin</subfield>
      <subfield code="d">O</subfield>
    </datafield>
  </record>