-->
  <!-- <record>
    <leader>02962cam a22003613  450 </leader>
    <controlfield tag="001">FRBNF450300320000008</controlfield>
    <controlfield tag="003">http://catalogue.bnf.fr/ark:/12148/cb45030032d</controlfield>
    <datafield tag="010" ind1=" " ind2=" ">
      <subfield code="a">9781931909310</subfield>
    </datafield>
    <datafield tag="010" ind1=" " ind2=" ">
      <subfield code="a">1931909318</subfield>
    </datafield>
    <datafield tag="035" ind1=" " ind2=" ">
      <subfield code="a">OCoLC908839044</subfield>
    </datafield>
    <datafield tag="101" ind1="0" ind2=" ">
      <subfield code="a">eng</subfield>
    </datafield>
    <datafield tag="102" ind1=" " ind2=" ">
      <subfield code="a">US</subfield>
    </datafield>
    <datafield tag="181" ind1=" " ind2=" ">
      <subfield code="6">02</subfield>
      <subfield code="c">txt</subfield>
      <subfield code="2">rdacontent</subfield>
    </datafield>
    <datafield tag="182" ind1=" " ind2=" ">
      <subfield code="6">02</subfield>
      <subfield code="c">n</subfield>
      <subfield code="2">rdamedia</subfield>
    </datafield>
    <datafield tag="245" ind1="1" ind2=" ">
      <subfield code="a">Beyond iconography</subfield>
      <subfield code="b">Texte imprime</subfield>
      <subfield code="e">materials, methods, and meaning in ancient surface decoration</subfield>
      <subfield code="f">edited by Sarah Lepinski and Susanna McFadden</subfield>
    </datafield>
    <datafield tag="210" ind1=" " ind2=" ">
      <subfield code="a">Boston (Mass.)</subfield>
      <subfield code="c">Archaeological Institute of America</subfield>
      <subfield code="d">[2015]</subfield>
    </datafield>
    <datafield tag="215" ind1=" " ind2=" ">
      <subfield code="a">1 vol. (218 p.)</subfield>
      <subfield code="c">ill.</subfield>
      <subfield code="d">23 cm</subfield>
    </datafield>
    <datafield tag="225" ind1="|" ind2=" ">
      <subfield code="a">Selected papers on ancient art and architecture</subfield>
      <subfield code="v">number 1</subfield>
    </datafield>
    <datafield tag="300" ind1=" " ind2=" ">
      <subfield code="a">Includes bibliographical references and index</subfield>
    </datafield>
    <datafield tag="327" ind1="1" ind2=" ">
      <subfield code="a">Introduction / Sarah Lepinski and Susanna McFadden  ;  Methodologies and materiality: excavating and analyzing fragmentary mural painting, a case study from ancient Corinth / Sarah Lepinski  ; Maya mural art as collaboration: verifying artists hands at San Bartolo, Guatemala through pigment and plaster composition / Heather Hurst and Caitlin R. O'Grady  ; Observations on materials and techniques used in Roman wall paintings of the Tablinum, house of the bicentenary at Herculaneum / Francesca Pique, Emily Macdonald-Korth, and Leslie Rainer  ; Masonry style in Phoenicia: reconstructing sumptuous mural decoration from the "late Hellenistic stuccoed building" at Tel Anafa / Benton Kidd  ; Retrieving the decorative program of Villa A ("of Poppaea") at Oplontis (Torre Annunziata, Italy): how orphaned fragments find a home in the virtual-reality 3D model / John R. Clarke  ; Living surfaces: the materiality of Minoan wall paintings / Seth Estrin  ; Fourth style workshop deployment and movement patterns at Villa A ("of Poppaea") at Oplontis  ; Bodies of meaning: figural repetition in Pompeian painting / Stephanie Pearson  ; Heirlooms on the walls: Republican paintings and imperial viewers in Pompeii / Lynley McAlpine  ; Working within the lines: artists' grids and painted floors at the palace of Nestor / Emily Catherine Egan  ; Painted pavements: illusion and imitation at Villa A ("of Poppaea") at Oplontis / Lea K. Cline.</subfield>
    </datafield>
    <datafield tag="410" ind1=" " ind2="0">
      <subfield code="0">45079368</subfield>
      <subfield code="t">Selected papers on ancient art and architecture</subfield>
      <subfield code="v">1</subfield>
    </datafield>
    <datafield tag="606" ind1=" " ind2=" ">
      <subfield code="3">12140677</subfield>
      <subfield code="a">Peinture et decoration murales antiques</subfield>
      <subfield code="3">12216358</subfield>
      <subfield code="x">Expertise</subfield>
      <subfield code="2">rameau</subfield>
    </datafield>
    <datafield tag="606" ind1=" " ind2=" ">
      <subfield code="3">12140677</subfield>
      <subfield code="a">Peinture et decoration murales antiques</subfield>
      <subfield code="3">11975676</subfield>
      <subfield code="x">Themes, motifs</subfield>
      <subfield code="2">rameau</subfield>
    </datafield>
    <datafield tag="702" ind1=" " ind2="|">
      <subfield code="3">17073513</subfield>
      <subfield code="a">Lepinski</subfield>
      <subfield code="b">Sarah</subfield>
      <subfield code="4">340</subfield>
    </datafield>
    <datafield tag="702" ind1=" " ind2="|">
      <subfield code="3">17061459</subfield>
      <subfield code="o">ISNI0000000126442163</subfield>
      <subfield code="a">McFadden</subfield>
      <subfield code="b">Susanna</subfield>
      <subfield code="4">340</subfield>
    </datafield>
    <datafield tag="801" ind1=" " ind2="3">
      <subfield code="a">US</subfield>
      <subfield code="b">OCoLC</subfield>
      <subfield code="c">20160921</subfield>
      <subfield code="h">908839044</subfield>
      <subfield code="2">marc21</subfield>
    </datafield>
    <datafield tag="801" ind1=" " ind2="0">
      <subfield code="b">DLC</subfield>
      <subfield code="g">rda</subfield>
    </datafield>
    <datafield tag="930" ind1=" " ind2=" ">
      <subfield code="5">FR-751131007:45030032001001</subfield>
      <subfield code="a">2016-171782</subfield>
      <subfield code="b">759999999</subfield>
      <subfield code="c">Tolbiac - Rez de Jardin - Philosophie, histoire, sciences de l'homme - Magasin</subfield>
      <subfield code="d">O</subfield>
    </datafield>
  </record>