-->
  <!--<record>
    <leader>00801njm a2200253   450 </leader>
    <controlfield tag="001">FRBNF438898580000005</controlfield>
    <controlfield tag="003">http://catalogue.bnf.fr/ark:/12148/cb43889858m</controlfield>
    <datafield tag="071" ind1="0" ind2="1">
      <subfield code="b">Gallimard</subfield>
      <subfield code="a">[sans ref.]</subfield>
      <subfield code="c">boite</subfield>
    </datafield>
    <datafield tag="101" ind1="0" ind2=" ">
      <subfield code="a">fre</subfield>
    </datafield>
    <datafield tag="102" ind1=" " ind2=" ">
      <subfield code="a">FR</subfield>
    </datafield>
    <datafield tag="182" ind1=" " ind2=" ">
      <subfield code="6">02</subfield>
      <subfield code="c">s</subfield>
      <subfield code="2">rdamedia</subfield>
    </datafield>
    <datafield tag="245" ind1="1" ind2=" ">
      <subfield code="a">trone de fer</subfield>
      <subfield code="f">George R.R. Martin</subfield>
    </datafield>
    <datafield tag="215" ind1=" " ind2=" ">
      <subfield code="a">CD MP3</subfield>
    </datafield>
    <datafield tag="716" ind1=" " ind2=" ">
      <subfield code="a">Gallimard</subfield>
    </datafield>
    <datafield tag="801" ind1=" " ind2="0">
      <subfield code="a">FR</subfield>
      <subfield code="b">FR-751131015</subfield>
      <subfield code="c">20140904</subfield>
      <subfield code="g">AFNOR</subfield>
      <subfield code="h">FRBNF438898580000005</subfield>
      <subfield code="2">intermrc</subfield>
    </datafield>
    <datafield tag="930" ind1=" " ind2=" ">
      <subfield code="5">FR-759999999:43889858001001</subfield>
      <subfield code="a">PDCE-17198</subfield>
      <subfield code="b">759999999</subfield>
      <subfield code="c">Tolbiac - Haut de Jardin - Audiovisuel - Magasin</subfield>
      <subfield code="d">N</subfield>
    </datafield>
  </record>