-->
   <!--<record>
    <leader>01359cam a22003613  450 </leader>
    <controlfield tag="001">FRBNF391822000000001</controlfield>
    <controlfield tag="003">http://catalogue.bnf.fr/ark:/12148/cb39182200g</controlfield>
    <datafield tag="010" ind1=" " ind2=" ">
      <subfield code="a">0-905942-68-X</subfield>
      <subfield code="b">br.</subfield>
    </datafield>
    <datafield tag="035" ind1=" " ind2=" ">
      <subfield code="a">ocm55633145</subfield>
    </datafield>
    <datafield tag="035" ind1=" " ind2=" ">
      <subfield code="a">OCoLC</subfield>
    </datafield>
    <datafield tag="101" ind1="0" ind2=" ">
      <subfield code="a">eng</subfield>
    </datafield>
    <datafield tag="102" ind1=" " ind2=" ">
      <subfield code="a">GB</subfield>
    </datafield>
    <datafield tag="181" ind1=" " ind2=" ">
      <subfield code="6">02</subfield>
      <subfield code="c">txt</subfield>
      <subfield code="2">rdacontent</subfield>
    </datafield>
    <datafield tag="182" ind1=" " ind2=" ">
      <subfield code="6">02</subfield>
      <subfield code="c">n</subfield>
      <subfield code="2">rdamedia</subfield>
    </datafield>
    <datafield tag="245" ind1="1" ind2=" ">
      <subfield code="a">Foreign bodies in foods</subfield>
      <subfield code="b">Texte imprime</subfield>
      <subfield code="e">guidelines for their prevention, control and detection</subfield>
      <subfield code="f">ed. by R. M. George</subfield>
    </datafield>
    <datafield tag="205" ind1=" " ind2=" ">
      <subfield code="a">02</subfield>
      <subfield code="b">2nd ed</subfield>
    </datafield>
    <datafield tag="210" ind1=" " ind2=" ">
      <subfield code="a">Chipping Campden</subfield>
      <subfield code="c">Campden & Chorleywood Food Research Association Group</subfield>
      <subfield code="d">2004</subfield>
    </datafield>
    <datafield tag="215" ind1=" " ind2=" ">
      <subfield code="a">VIII-85 p.</subfield>
      <subfield code="c">ill.</subfield>
      <subfield code="d">30 cm</subfield>
    </datafield>
    <datafield tag="225" ind1="|" ind2=" ">
      <subfield code="a">Guideline</subfield>
      <subfield code="v">5</subfield>
    </datafield>
    <datafield tag="300" ind1=" " ind2=" ">
      <subfield code="a">Bibliogr. p. 82. Glossaire</subfield>
    </datafield>
    <datafield tag="410" ind1=" " ind2="0">
      <subfield code="0">39269761</subfield>
      <subfield code="t">Guideline</subfield>
      <subfield code="v">5</subfield>
    </datafield>
    <datafield tag="606" ind1=" " ind2=" ">
      <subfield code="3">11930863</subfield>
      <subfield code="a">Aliments</subfield>
      <subfield code="x">Contamination</subfield>
      <subfield code="3">11932989</subfield>
      <subfield code="x">Prevention</subfield>
      <subfield code="2">rameau</subfield>
    </datafield>
    <datafield tag="606" ind1=" " ind2=" ">
      <subfield code="3">12234065</subfield>
      <subfield code="a">Industries agroalimentaires</subfield>
      <subfield code="x">Salubrite</subfield>
      <subfield code="2">rameau</subfield>
    </datafield>
    <datafield tag="606" ind1=" " ind2=" ">
      <subfield code="3">11942195</subfield>
      <subfield code="a">Aliments</subfield>
      <subfield code="x">Falsification et inspection</subfield>
      <subfield code="2">rameau</subfield>
    </datafield>
    <datafield tag="676" ind1=" " ind2=" ">
      <subfield code="a">664.07</subfield>
      <subfield code="v">23</subfield>
    </datafield>
    <datafield tag="702" ind1=" " ind2="|">
      <subfield code="3">14606735</subfield>
      <subfield code="a">George</subfield>
      <subfield code="b">R. Martin</subfield>
      <subfield code="4">340</subfield>
    </datafield>
    <datafield tag="801" ind1=" " ind2="3">
      <subfield code="a">US</subfield>
      <subfield code="b">OCoLC</subfield>
      <subfield code="c">20050218</subfield>
      <subfield code="h">ocm55633145</subfield>
      <subfield code="2">marc21</subfield>
    </datafield>
    <datafield tag="930" ind1=" " ind2=" ">
      <subfield code="5">FR-751131009:39182200001001</subfield>
      <subfield code="a">2004-206700</subfield>
      <subfield code="b">759999999</subfield>
      <subfield code="c">Tolbiac - Rez de Jardin - Sciences et technique - Magasin</subfield>
      <subfield code="d">O</subfield>
    </datafield>
  </record>