-->
  <!--<record>
    <leader>00815nam a2200265   450 </leader>
    <controlfield tag="001">FRBNF453752090000006</controlfield>
    <controlfield tag="003">http://catalogue.bnf.fr/ark:/12148/cb453752090</controlfield>
    <datafield tag="010" ind1=" " ind2=" ">
      <subfield code="b">Br.</subfield>
    </datafield>
    <datafield tag="101" ind1="1" ind2=" ">
      <subfield code="a">fre</subfield>
      <subfield code="c">eng</subfield>
    </datafield>
    <datafield tag="102" ind1=" " ind2=" ">
      <subfield code="a">FR</subfield>
    </datafield>
    <datafield tag="181" ind1=" " ind2=" ">
      <subfield code="6">02</subfield>
      <subfield code="c">txt</subfield>
      <subfield code="2">rdacontent</subfield>
    </datafield>
    <datafield tag="182" ind1=" " ind2=" ">
      <subfield code="6">02</subfield>
      <subfield code="c">n</subfield>
      <subfield code="2">rdamedia</subfield>
    </datafield>
    <datafield tag="245" ind1="1" ind2=" ">
      <subfield code="a">Wild cards</subfield>
      <subfield code="b">Texte imprime</subfield>
      <subfield code="f">[presente par] George R. R. Martin</subfield>
    </datafield>
    <datafield tag="210" ind1=" " ind2=" ">
      <subfield code="a">Paris</subfield>
      <subfield code="c">J'ai lu</subfield>
      <subfield code="d">2017-</subfield>
    </datafield>
    <datafield tag="215" ind1=" " ind2=" ">
      <subfield code="d">18 cm</subfield>
    </datafield>
    <datafield tag="225" ind1="|" ind2=" ">
      <subfield code="a">J'ai lu</subfield>
    </datafield>
    <datafield tag="410" ind1=" " ind2="0">
      <subfield code="0">34229028</subfield>
      <subfield code="t">J'ai lu</subfield>
      <subfield code="x">0291-3623</subfield>
      <subfield code="d">2017-</subfield>
    </datafield>
    <datafield tag="454" ind1=" " ind2="1">
      <subfield code="t">Wild cards</subfield>
    </datafield>
    <datafield tag="702" ind1=" " ind2="|">
      <subfield code="3">11914792</subfield>
      <subfield code="o">ISNI0000000077784510</subfield>
      <subfield code="a">Martin</subfield>
      <subfield code="b">George R. R.</subfield>
      <subfield code="f">1948-....</subfield>
      <subfield code="4">340</subfield>
    </datafield>
    <datafield tag="801" ind1=" " ind2="0">
      <subfield code="a">FR</subfield>
      <subfield code="b">FR-751131015</subfield>
      <subfield code="c">20171020</subfield>
      <subfield code="g">AFNOR</subfield>
      <subfield code="h">FRBNF453752090000006</subfield>
      <subfield code="2">intermrc</subfield>
    </datafield>
  </record>