-->
<!-- 	<record>
		<leader>05674cam a2200793 i 4500</leader>
		<controlfield tag="001">kt38ckp2hnj8df3c</controlfield>
		<controlfield tag="003">LIBRIS</controlfield>
		<controlfield tag="005">20181212091125.0</controlfield>
		<controlfield tag="008">181212t20182018nyuab||j||||||000 1|eng| </controlfield>
		<datafield tag="020" ind1=" " ind2=" ">
			<subfield code="a">9781481465588</subfield>
			<subfield code="q">hardcover</subfield>
		</datafield>
		<datafield tag="020" ind1=" " ind2=" ">
			<subfield code="a">1481465589</subfield>
			<subfield code="q">hardcover</subfield>
		</datafield>
		<datafield tag="040" ind1=" " ind2=" ">
			<subfield code="a">Um</subfield>
			<subfield code="b">eng</subfield>
			<subfield code="c">DLC</subfield>
			<subfield code="d">Um</subfield>
			<subfield code="e">i</subfield>
			<subfield code="e">rda</subfield>
		</datafield>
		<datafield tag="041" ind1=" " ind2=" ">
			<subfield code="a">eng</subfield>
		</datafield>
		<datafield tag="042" ind1=" " ind2=" ">
			<subfield code="a">pcc</subfield>
		</datafield>
		<datafield tag="100" ind1="1" ind2=" ">
			<subfield code="a">Le Guin, Ursula K.,</subfield>
			<subfield code="d">1929-2018</subfield>
			<subfield code="e">author.</subfield>
			<subfield code="4">aut</subfield>
			<subfield code="0">https://libris.kb.se/64jlmwhq151m7d9#it</subfield>
		</datafield>
		<datafield tag="240" ind1="1" ind2="0">
			<subfield code="a">Works.</subfield>
			<subfield code="k">Selections</subfield>
		</datafield>
		<datafield tag="245" ind1="1" ind2="4">
			<subfield code="a">The books of Earthsea /</subfield>
			<subfield code="c">Ursula K. Le Guin ; illustrated by Charles Vess.</subfield>
		</datafield>
		<datafield tag="246" ind1="3" ind2="4">
			<subfield code="a">Books of Earthsea :</subfield>
			<subfield code="b">the complete illustrated edition</subfield>
		</datafield>
		<datafield tag="250" ind1=" " ind2=" ">
			<subfield code="a">First Saga Press edition.</subfield>
		</datafield>
		<datafield tag="264" ind1=" " ind2="1">
			<subfield code="a">New York, New York :</subfield>
			<subfield code="b">Saga Press,</subfield>
			<subfield code="c">2018</subfield>
		</datafield>
		<datafield tag="264" ind1=" " ind2="4">
			<subfield code="c">♭2018</subfield>
		</datafield>
		<datafield tag="300" ind1=" " ind2=" ">
			<subfield code="a">xiii, 992 pages</subfield>
			<subfield code="b">color illustrations, map</subfield>
			<subfield code="c">24 cm.</subfield>
		</datafield>
		<datafield tag="336" ind1=" " ind2=" ">
			<subfield code="a">text</subfield>
			<subfield code="b">txt</subfield>
			<subfield code="2">rdacontent</subfield>
		</datafield>
		<datafield tag="337" ind1=" " ind2=" ">
			<subfield code="a">unmediated</subfield>
			<subfield code="b">n</subfield>
			<subfield code="2">rdamedia</subfield>
		</datafield>
		<datafield tag="338" ind1=" " ind2=" ">
			<subfield code="a">volume</subfield>
			<subfield code="b">nc</subfield>
			<subfield code="2">rdacarrier</subfield>
		</datafield>
		<datafield tag="340" ind1=" " ind2=" ">
			<subfield code="b">24 cm.</subfield>
		</datafield>
		<datafield tag="490" ind1="1" ind2=" ">
			<subfield code="a">Earthsea</subfield>
		</datafield>
		<datafield tag="520" ind1=" " ind2=" ">
			<subfield code="a">"Celebrating the 50th anniversary of the timeless and beloved A Wizard of Earthsea -"...reads like the retelling of a tale first told centuries ago," (David Mitchell)-comes this complete omnibus edition of the entire Earthsea chronicles, including over fifty illustrations illuminating Le Guin's vision of her classic saga. Ursula K. Le Guin's Earthsea novels are some of the most acclaimed and awarded works in literature-they have received prestigious accolades such as the National Book Award, a Newbery Honor, the Nebula Award, and many more honors, commemorating their enduring place in the hearts and minds of readers and the literary world alike. Now for the first time ever, they're all together in one volume-including the early short stories, Le Guin's "Earthsea Revisioned" Oxford lecture, and a new Earthsea story, never before printed. With a new introduction by Le Guin herself, this essential edition will also include fifty illustrations by renowned artist Charles Vess, specially commissioned and selected by Le Guin, to bring her refined vision of Earthsea and its people to life in a totally new way. [Stories include: "A Wizard of Earthsea", "The Tombs of Atuan", "The Farthest Shore", "Tehanu", "Tales From Earthsea", "The Other Wind", "The Rule of Names", "The Word of Unbinding", "The Daughter of Odren", and "Earthsea Revisioned: A Lecture at Oxford University".] With stories as perennial and universally beloved as The Chronicles of Narnia and The Lord of The Rings-but also unlike anything but themselves-this edition is perfect for those new to the world of Earthsea, as well as those who are well-acquainted with its enchanting magic: to know Earthsea is to love it"-</subfield>
			<subfield code="c">Provided by publisher.</subfield>
		</datafield>
		<datafield tag="599" ind1=" " ind2=" ">
			<subfield code="a">Imported from: zcat.oclc.org:210/OLUCWorldCat (Do not remove)</subfield>
		</datafield>
		<datafield tag="650" ind1=" " ind2="7">
			<subfield code="a">Trollkarlar</subfield>
			<subfield code="0">https://id.kb.se/term/barn/Trollkarlar</subfield>
			<subfield code="2">barn</subfield>
		</datafield>
		<datafield tag="650" ind1=" " ind2="7">
			<subfield code="a">Magi</subfield>
			<subfield code="0">https://id.kb.se/term/barn/Magi</subfield>
			<subfield code="2">barn</subfield>
		</datafield>
		<datafield tag="650" ind1=" " ind2="7">
			<subfield code="a">Prinsar</subfield>
			<subfield code="0">https://id.kb.se/term/barn/Prinsar</subfield>
			<subfield code="2">barn</subfield>
		</datafield>
		<datafield tag="650" ind1=" " ind2="7">
			<subfield code="a">Fantasivr̃ldar</subfield>
			<subfield code="0">https://id.kb.se/term/barn/Fantasiv%C3%A4rldar</subfield>
			<subfield code="2">barn</subfield>
		</datafield>
		<datafield tag="650" ind1=" " ind2="0">
			<subfield code="a">Ged (Fictitious character)</subfield>
			<subfield code="v">Juvenile fiction.</subfield>
		</datafield>
		<datafield tag="650" ind1=" " ind2="7">
			<subfield code="a">Imaginary places.</subfield>
			<subfield code="2">fast</subfield>
		</datafield>
		<datafield tag="650" ind1=" " ind2="7">
			<subfield code="a">Magic.</subfield>
			<subfield code="2">fast</subfield>
		</datafield>
		<datafield tag="650" ind1=" " ind2="7">
			<subfield code="a">Princes.</subfield>
			<subfield code="2">fast</subfield>
		</datafield>
		<datafield tag="650" ind1=" " ind2="7">
			<subfield code="a">Wizards.</subfield>
			<subfield code="2">fast</subfield>
		</datafield>
		<datafield tag="655" ind1=" " ind2="7">
			<subfield code="a">Barn- och ungdomslitteratur</subfield>
			<subfield code="0">https://id.kb.se/term/barngf/Barn-%20och%20ungdomslitteratur</subfield>
			<subfield code="2">barngf</subfield>
		</datafield>
		<datafield tag="655" ind1=" " ind2="7">
			<subfield code="a">Ungdomsbc̲ker</subfield>
			<subfield code="0">https://id.kb.se/term/barngf/Ungdomsb%C3%B6cker</subfield>
			<subfield code="2">barngf</subfield>
		</datafield>
		<datafield tag="655" ind1=" " ind2="7">
			<subfield code="a">Fantasy</subfield>
			<subfield code="0">https://id.kb.se/term/barngf/Fantasy</subfield>
			<subfield code="2">barngf</subfield>
		</datafield>
		<datafield tag="655" ind1=" " ind2="4">
			<subfield code="0">https://id.kb.se/marc/FictionNotFurtherSpecified</subfield>
		</datafield>
		<datafield tag="700" ind1="1" ind2="2">
			<subfield code="i">Container of (work):</subfield>
			<subfield code="a">Le Guin, Ursula K.,</subfield>
			<subfield code="d">1929-2018.</subfield>
			<subfield code="t">Wizard of Earthsea.</subfield>
		</datafield>
		<datafield tag="700" ind1="1" ind2="2">
			<subfield code="i">Container of (work):</subfield>
			<subfield code="a">Le Guin, Ursula K.,</subfield>
			<subfield code="d">1929-2018.</subfield>
			<subfield code="t">Tombs of Atuan.</subfield>
		</datafield>
		<datafield tag="700" ind1="1" ind2="2">
			<subfield code="i">Container of (work):</subfield>
			<subfield code="a">Le Guin, Ursula K.,</subfield>
			<subfield code="d">1929-2018.</subfield>
			<subfield code="t">Farthest shore.</subfield>
		</datafield>
		<datafield tag="700" ind1="1" ind2="2">
			<subfield code="i">Container of (work):</subfield>
			<subfield code="a">Le Guin, Ursula K.,</subfield>
			<subfield code="d">1929-2018.</subfield>
			<subfield code="t">Tehanu.</subfield>
		</datafield>
		<datafield tag="700" ind1="1" ind2="2">
			<subfield code="i">Container of (work):</subfield>
			<subfield code="a">Le Guin, Ursula K.,</subfield>
			<subfield code="d">1929-2018.</subfield>
			<subfield code="t">Tales from Earthsea.</subfield>
		</datafield>
		<datafield tag="700" ind1="1" ind2="2">
			<subfield code="i">Container of (work):</subfield>
			<subfield code="a">Le Guin, Ursula K.,</subfield>
			<subfield code="d">1929-2018.</subfield>
			<subfield code="t">Other wind.</subfield>
		</datafield>
		<datafield tag="700" ind1="1" ind2=" ">
			<subfield code="a">Vess, Charles</subfield>
			<subfield code="e">illustrator.</subfield>
		</datafield>
		<datafield tag="800" ind1="1" ind2=" ">
			<subfield code="a">Le Guin, Ursula K.,</subfield>
			<subfield code="d">1929-2018.</subfield>
			<subfield code="t">Earthsea.</subfield>
		</datafield>
	</record>