 -->
	<!-- 	<record>
		<leader>03075cam a2200361 i 4500</leader>
		<controlfield tag="001">20395103</controlfield>
		<controlfield tag="005">20190115122246.0</controlfield>
		<controlfield tag="008">180312s2018    enkab         000 1 eng  </controlfield>
		<datafield tag="010" ind1=" " ind2=" ">
			<subfield code="a">  2018011719</subfield>
		</datafield>
		<datafield tag="020" ind1=" " ind2=" ">
			<subfield code="a">9781481465588 (hardback)</subfield>
		</datafield>
		<datafield tag="040" ind1=" " ind2=" ">
			<subfield code="a">DLC</subfield>
			<subfield code="b">eng</subfield>
			<subfield code="c">DLC</subfield>
			<subfield code="e">rda</subfield>
			<subfield code="d">DLC</subfield>
		</datafield>
		<datafield tag="042" ind1=" " ind2=" ">
			<subfield code="a">pcc</subfield>
		</datafield>
		<datafield tag="100" ind1="1" ind2=" ">
			<subfield code="a">Le Guin, Ursula  K.,</subfield>
			<subfield code="d">1929-2018,</subfield>
			<subfield code="e">author.</subfield>
		</datafield>
		<datafield tag="245" ind1="1" ind2="4">
			<subfield code="a">The books of Earthsea /</subfield>
			<subfield code="c">Ursula K. Le Guin ; illustrated by Charles Vess.</subfield>
		</datafield>
		<datafield tag="250" ind1=" " ind2=" ">
			<subfield code="a">First Saga edition.</subfield>
		</datafield>
		<datafield tag="264" ind1=" " ind2="1">
			<subfield code="a">London ;</subfield>
			<subfield code="a">New York :</subfield>
			<subfield code="b">Saga Press,</subfield>
			<subfield code="c">October 2018.</subfield>
		</datafield>
		<datafield tag="300" ind1=" " ind2=" ">
			<subfield code="a">xiii, 992 pages :</subfield>
			<subfield code="b">illustrations (some color), map ;</subfield>
			<subfield code="c">24 cm.</subfield>
		</datafield>
		<datafield tag="336" ind1=" " ind2=" ">
			<subfield code="a">text</subfield>
			<subfield code="b">txt</subfield>
			<subfield code="2">rdacontent</subfield>
		</datafield>
		<datafield tag="337" ind1=" " ind2=" ">
			<subfield code="a">unmediated</subfield>
			<subfield code="b">n</subfield>
			<subfield code="2">rdamedia</subfield>
		</datafield>
		<datafield tag="338" ind1=" " ind2=" ">
			<subfield code="a">volume</subfield>
			<subfield code="b">nc</subfield>
			<subfield code="2">rdacarrier</subfield>
		</datafield>
		<datafield tag="490" ind1="0" ind2=" ">
			<subfield code="a">Earthsea cycle</subfield>
		</datafield>
		<datafield tag="520" ind1=" " ind2=" ">
			<subfield code="a">"Celebrating the 50th anniversary of the timeless and beloved A Wizard of Earthsea -"...reads like the retelling of a tale first told centuries ago," (David Mitchell)-comes this complete omnibus edition of the entire Earthsea chronicles, including over fifty illustrations illuminating Le Guin's vision of her classic saga. Ursula K. Le Guin's Earthsea novels are some of the most acclaimed and awarded works in literature-they have received prestigious accolades such as the National Book Award, a Newbery Honor, the Nebula Award, and many more honors, commemorating their enduring place in the hearts and minds of readers and the literary world alike. Now for the first time ever, they're all together in one volume-including the early short stories, Le Guin's "Earthsea Revisioned" Oxford lecture, and a new Earthsea story, never before printed. With a new introduction by Le Guin herself, this essential edition will also include fifty illustrations by renowned artist Charles Vess, specially commissioned and selected by Le Guin, to bring her refined vision of Earthsea and its people to life in a totally new way. [Stories include: "A Wizard of Earthsea", "The Tombs of Atuan", "The Farthest Shore", "Tehanu", "Tales From Earthsea", "The Other Wind", "The Rule of Names", "The Word of Unbinding", "The Daughter of Odren", and "Earthsea Revisioned: A Lecture at Oxford University".] With stories as perennial and universally beloved as The Chronicles of Narnia and The Lord of The Rings-but also unlike anything but themselves-this edition is perfect for those new to the world of Earthsea, as well as those who are well-acquainted with its enchanting magic: to know Earthsea is to love it"-</subfield>
			<subfield code="c">Provided by publisher.</subfield>
		</datafield>
		<datafield tag="650" ind1=" " ind2="7">
			<subfield code="a">FICTION / Fantasy / Epic.</subfield>
			<subfield code="2">bisacsh</subfield>
		</datafield>
		<datafield tag="650" ind1=" " ind2="7">
			<subfield code="a">FICTION / Fantasy / General.</subfield>
			<subfield code="2">bisacsh</subfield>
		</datafield>
		<datafield tag="650" ind1=" " ind2="7">
			<subfield code="a">FICTION / Classics.</subfield>
			<subfield code="2">bisacsh</subfield>
		</datafield>
		<datafield tag="655" ind1=" " ind2="7">
			<subfield code="a">Fantasy fiction.</subfield>
			<subfield code="2">gsafd</subfield>
		</datafield>
		<datafield tag="700" ind1="1" ind2=" ">
			<subfield code="a">Vess, Charles,</subfield>
			<subfield code="e">illustrator.</subfield>
		</datafield>
	</record>