 -->
<!-- 
	<record>
		<leader>03647cam a22006137a 4500</leader>
		<controlfield tag="001">w5dz6xlzt1lsrpwz</controlfield>
		<controlfield tag="003">LIBRIS</controlfield>
		<controlfield tag="005">20181128110443.0</controlfield>
		<controlfield tag="008">181128r20112003nmu|||||||||||000 p|eng|d</controlfield>
		<datafield tag="020" ind1=" " ind2=" ">
			<subfield code="a">0826328199</subfield>
		</datafield>
		<datafield tag="020" ind1=" " ind2=" ">
			<subfield code="a">9780826328199</subfield>
		</datafield>
		<datafield tag="040" ind1=" " ind2=" ">
			<subfield code="a">H</subfield>
			<subfield code="b">eng</subfield>
			<subfield code="c">YDXCP</subfield>
			<subfield code="d">H</subfield>
			<subfield code="e">a</subfield>
		</datafield>
		<datafield tag="041" ind1="1" ind2=" ">
			<subfield code="a">eng</subfield>
			<subfield code="a">spa</subfield>
			<subfield code="h">spa</subfield>
		</datafield>
		<datafield tag="050" ind1="1" ind2="4">
			<subfield code="a">PQ8097.G6</subfield>
			<subfield code="b">A26 2011</subfield>
		</datafield>
		<datafield tag="082" ind1="0" ind2="4">
			<subfield code="a">808</subfield>
		</datafield>
		<datafield tag="100" ind1="1" ind2=" ">
			<subfield code="a">Mistral, Gabriela,</subfield>
			<subfield code="d">1889-1957</subfield>
			<subfield code="4">aut</subfield>
			<subfield code="0">https://libris.kb.se/97mpknqt2bl41gg#it</subfield>
		</datafield>
		<datafield tag="240" ind1="1" ind2="0">
			<subfield code="a">Dikter.</subfield>
			<subfield code="k">Urval.</subfield>
			<subfield code="l">Engelska</subfield>
		</datafield>
		<datafield tag="245" ind1="1" ind2="0">
			<subfield code="a">Selected poems of Gabriela Mistral /</subfield>
			<subfield code="c">translated by Ursula K. Le Guin.</subfield>
		</datafield>
		<datafield tag="264" ind1=" " ind2="1">
			<subfield code="a">Albuquerque :</subfield>
			<subfield code="b">University of New Mexico Press,</subfield>
			<subfield code="c">2011</subfield>
		</datafield>
		<datafield tag="300" ind1=" " ind2=" ">
			<subfield code="a">xxiv, 407 pages</subfield>
			<subfield code="c">24 cm</subfield>
		</datafield>
		<datafield tag="336" ind1=" " ind2=" ">
			<subfield code="a">text</subfield>
			<subfield code="b">txt</subfield>
			<subfield code="2">rdacontent</subfield>
		</datafield>
		<datafield tag="337" ind1=" " ind2=" ">
			<subfield code="a">unmediated</subfield>
			<subfield code="b">n</subfield>
			<subfield code="2">rdamedia</subfield>
		</datafield>
		<datafield tag="338" ind1=" " ind2=" ">
			<subfield code="a">volume</subfield>
			<subfield code="b">nc</subfield>
			<subfield code="2">rdacarrier</subfield>
		</datafield>
		<datafield tag="340" ind1=" " ind2=" ">
			<subfield code="b">24 cm</subfield>
		</datafield>
		<datafield tag="490" ind1="1" ind2=" ">
			<subfield code="a">Mary Burritt Christiansen poetry series</subfield>
		</datafield>
		<datafield tag="500" ind1=" " ind2=" ">
			<subfield code="a">"1st paperbound printing, 2011"-Title page verso.</subfield>
		</datafield>
		<datafield tag="500" ind1=" " ind2=" ">
			<subfield code="a">Originally published in hardback in 2003.</subfield>
		</datafield>
		<datafield tag="500" ind1=" " ind2=" ">
			<subfield code="a">Parallelltext p ̄engelska och spanska</subfield>
		</datafield>
		<datafield tag="505" ind1="8" ind2=" ">
			<subfield code="a">Desolacin̤: Vida. Dolor. Naturaleza = Desolation: Life. Grief. Nature - Ternura: Canciones de cuna. Rondas. La desvariadora. Jugarretas. Cuenta-mundo. Casi escolares = Tendernes [sic]: Cradle songs. Round dances. The raving woman. Trickeries. Tell-a-world. Almost a primer - Tala: Muerte de mi madre. Alucianacin̤. Gestos. Historias de loca. Materias. Amřica. Saudade. la ola muerta. Criaturas = Clearcut: My mother's death. Hallucination. Gestures. Crazy woman stories. Matters. America. Solitude. The dead wave. Beings - Lagar: Locas mujeres. Naturaleza II. Desvaro̕. Guerra. Jugarretas II. Luto. Nocturnos. Oficios. Religiosas. Vagabundaje. Tiempo. Epl̕ogo = Winepress: Crazy women. Nature II. Raving. War. Trickeries II. Mourning. Nocturnes. Trades. Religious. Wandering. Time. Epilogue - Poema de Chile = Poem of Chile - Poemas ineditos = Unpublished poems - A brief chonology of Mistral's life.</subfield>
		</datafield>
		<datafield tag="546" ind1=" " ind2=" ">
			<subfield code="a">Poems in Spanish with the English translation on the same page or on the facing page.</subfield>
		</datafield>
		<datafield tag="599" ind1=" " ind2=" ">
			<subfield code="a">Imported from: zcat.oclc.org:210/OLUCWorldCat (Do not remove)</subfield>
		</datafield>
		<datafield tag="650" ind1=" " ind2="0">
			<subfield code="a">Spanish poetry.</subfield>
		</datafield>
		<datafield tag="650" ind1=" " ind2="0">
			<subfield code="a">Spanish language materials</subfield>
			<subfield code="x">Bilingual.</subfield>
		</datafield>
		<datafield tag="650" ind1=" " ind2="7">
			<subfield code="a">Spanish poetry.</subfield>
			<subfield code="2">fast</subfield>
		</datafield>
		<datafield tag="651" ind1=" " ind2="7">
			<subfield code="a">Chili.</subfield>
			<subfield code="2">gtt</subfield>
		</datafield>
		<datafield tag="655" ind1=" " ind2="7">
			<subfield code="a">Poesi</subfield>
			<subfield code="0">https://id.kb.se/term/saogf/Poesi</subfield>
			<subfield code="2">saogf</subfield>
		</datafield>
		<datafield tag="655" ind1=" " ind2="7">
			<subfield code="a">Gedichten (teksten)</subfield>
			<subfield code="2">gtt</subfield>
		</datafield>
		<datafield tag="655" ind1=" " ind2="4">
			<subfield code="0">https://id.kb.se/marc/Poetry</subfield>
		</datafield>
		<datafield tag="700" ind1="1" ind2=" ">
			<subfield code="a">Le Guin, Ursula K.,</subfield>
			<subfield code="d">1929-2018</subfield>
			<subfield code="4">trl</subfield>
			<subfield code="0">https://libris.kb.se/64jlmwhq151m7d9#it</subfield>
		</datafield>
		<datafield tag="830" ind1=" " ind2="0">
			<subfield code="a">Mary Burritt Christiansen poetry series</subfield>
		</datafield>
		<datafield tag="841" ind1=" " ind2=" ">
			<subfield code="5">H</subfield>
			<subfield code="a">x  a</subfield>
			<subfield code="b">181128||0000|||||000||||||000000</subfield>
			<subfield code="e">|</subfield>
		</datafield>
		<datafield tag="852" ind1=" " ind2=" ">
			<subfield code="5">H</subfield>
			<subfield code="b">H</subfield>
		</datafield>
		<datafield tag="887" ind1=" " ind2=" ">
			<subfield code="a">{"@id":"w5dz6xlzt1lsrpwz","modified":"2018-11-28T11:04:43.731+01:00","checksum":"103671945020"}</subfield>
			<subfield code="2">librisxl</subfield>
		</datafield>
		<datafield tag="887" ind1=" " ind2=" ">
			<subfield code="5">H</subfield>
			<subfield code="a">{"@id":"nx5qzrhmlrrprh1s","modified":"2018-11-28T11:01:09.354+01:00","checksum":"49211028922"}</subfield>
			<subfield code="2">librisxl</subfield>
		</datafield>
		<datafield tag="900" ind1="0" ind2="s">
			<subfield code="6">100</subfield>
			<subfield code="a">Gabriela Mistral,</subfield>
			<subfield code="d">1889-1957</subfield>
			<subfield code="u">Mistral, Gabriela,</subfield>
			<subfield code="d">1889-1957</subfield>
		</datafield>
		<datafield tag="900" ind1="1" ind2="s">
			<subfield code="6">100</subfield>
			<subfield code="a">Godoy Alcayaga, Lucila,</subfield>
			<subfield code="d">1889-1957</subfield>
			<subfield code="u">Mistral, Gabriela,</subfield>
			<subfield code="d">1889-1957</subfield>
		</datafield>
		<datafield tag="900" ind1="1" ind2="s">
			<subfield code="6">100</subfield>
			<subfield code="a">Godoy y Alcayaga, Lucila,</subfield>
			<subfield code="d">1889-1957</subfield>
			<subfield code="u">Mistral, Gabriela,</subfield>
			<subfield code="d">1889-1957</subfield>
		</datafield>
		<datafield tag="900" ind1="1" ind2="s">
			<subfield code="6">100</subfield>
			<subfield code="a">Alcayaga, Lucila Godoy</subfield>
			<subfield code="u">Mistral, Gabriela,</subfield>
			<subfield code="d">1889-1957</subfield>
		</datafield>
		<datafield tag="900" ind1="1" ind2="s">
			<subfield code="6">700</subfield>
			<subfield code="a">Guin, Ursula K. le,</subfield>
			<subfield code="d">1927-2018</subfield>
			<subfield code="u">Le Guin, Ursula K.,</subfield>
			<subfield code="d">1929-2018</subfield>
		</datafield>
		<datafield tag="900" ind1="1" ind2="s">
			<subfield code="6">700</subfield>
			<subfield code="a">Le Guin, Ursula Kroeber,</subfield>
			<subfield code="d">1929-2018</subfield>
			<subfield code="u">Le Guin, Ursula K.,</subfield>
			<subfield code="d">1929-2018</subfield>
		</datafield>
		<datafield tag="900" ind1="1" ind2="s">
			<subfield code="6">700</subfield>
			<subfield code="a">Guin, Ursula Kroeber le,</subfield>
			<subfield code="d">1929-2018</subfield>
			<subfield code="u">Le Guin, Ursula K.,</subfield>
			<subfield code="d">1929-2018</subfield>
		</datafield>
		<datafield tag="955" ind1=" " ind2="s">
			<subfield code="6">655</subfield>
			<subfield code="w">||e</subfield>
			<subfield code="a">Lyrik</subfield>
			<subfield code="u">Poesi</subfield>
		</datafield>
		<datafield tag="955" ind1=" " ind2="k">
			<subfield code="6">655</subfield>
			<subfield code="w">g</subfield>
			<subfield code="a">Skn̲litteratur</subfield>
			<subfield code="u">Poesi</subfield>
		</datafield>
		<datafield tag="955" ind1=" " ind2="k">
			<subfield code="6">655</subfield>
			<subfield code="w">h</subfield>
			<subfield code="a">Kollektivpoesi</subfield>
			<subfield code="u">Poesi</subfield>
		</datafield>
	</record>