

	
	<record>
		<leader>03040cam a22006497i 4500</leader>
		<controlfield tag="001">fnbc8n54cghq4nn1</controlfield>
		<controlfield tag="003">LIBRIS</controlfield>
		<controlfield tag="005">20180921094752.0</controlfield>
		<controlfield tag="008">180628s2016    enk|||||||||||000 0|eng| </controlfield>
		<datafield tag="010" ind1=" " ind2=" ">
			<subfield code="a">2016027510</subfield>
		</datafield>
		<datafield tag="020" ind1=" " ind2=" ">
			<subfield code="a">9781784787608</subfield>
			<subfield code="q">pbk. : alk. paper</subfield>
		</datafield>
		<datafield tag="020" ind1=" " ind2=" ">
			<subfield code="a">1784787604</subfield>
			<subfield code="q">pbk. : alk. paper</subfield>
		</datafield>
		<datafield tag="040" ind1=" " ind2=" ">
			<subfield code="a">Arkm</subfield>
			<subfield code="b">eng</subfield>
			<subfield code="c">DLC</subfield>
			<subfield code="e">i</subfield>
			<subfield code="e">rda</subfield>
		</datafield>
		<datafield tag="041" ind1="1" ind2=" ">
			<subfield code="a">eng</subfield>
			<subfield code="h">lat</subfield>
		</datafield>
		<datafield tag="042" ind1=" " ind2=" ">
			<subfield code="a">pcc</subfield>
		</datafield>
		<datafield tag="050" ind1="0" ind2="0">
			<subfield code="a">HX810.5</subfield>
			<subfield code="b">.E54 2016b</subfield>
		</datafield>
		<datafield tag="082" ind1="0" ind2="0">
			<subfield code="a">335/.02</subfield>
			<subfield code="2">23</subfield>
		</datafield>
		<datafield tag="084" ind1=" " ind2=" ">
			<subfield code="a">Qaabba</subfield>
			<subfield code="2">kssb/8 (machine generated)</subfield>
		</datafield>
		<datafield tag="100" ind1="1" ind2=" ">
			<subfield code="a">More, Thomas,</subfield>
			<subfield code="c">Sir, helgon,</subfield>
			<subfield code="d">1478-1535</subfield>
			<subfield code="4">aut</subfield>
			<subfield code="0">https://libris.kb.se/ljx01tz42rwzzmt#it</subfield>
		</datafield>
		<datafield tag="240" ind1="1" ind2="0">
			<subfield code="a">Utopia.</subfield>
			<subfield code="l">Engelska</subfield>
		</datafield>
		<datafield tag="245" ind1="1" ind2="0">
			<subfield code="a">Utopia /</subfield>
			<subfield code="c">Thomas More ; introduction by China Miv̌ille ; essays by Ursula K. Le Guin.</subfield>
		</datafield>
		<datafield tag="264" ind1=" " ind2="1">
			<subfield code="c">2016</subfield>
		</datafield>
		<datafield tag="264" ind1=" " ind2="1">
			<subfield code="a">London ;</subfield>
			<subfield code="a">New York :</subfield>
			<subfield code="b">Verso,</subfield>
			<subfield code="c">2016.</subfield>
		</datafield>
		<datafield tag="300" ind1=" " ind2=" ">
			<subfield code="a">216 pages</subfield>
			<subfield code="c">24 cm</subfield>
		</datafield>
		<datafield tag="336" ind1=" " ind2=" ">
			<subfield code="a">text</subfield>
			<subfield code="b">txt</subfield>
			<subfield code="2">rdacontent</subfield>
		</datafield>
		<datafield tag="337" ind1=" " ind2=" ">
			<subfield code="a">unmediated</subfield>
			<subfield code="b">n</subfield>
			<subfield code="2">rdamedia</subfield>
		</datafield>
		<datafield tag="338" ind1=" " ind2=" ">
			<subfield code="a">volume</subfield>
			<subfield code="b">nc</subfield>
			<subfield code="2">rdacarrier</subfield>
		</datafield>
		<datafield tag="340" ind1=" " ind2=" ">
			<subfield code="b">24 cm</subfield>
		</datafield>
		<datafield tag="500" ind1=" " ind2=" ">
			<subfield code="a">"The text of More's Utopia (1516) is based on the Cassell & Company edition of 1901, edited by David Price."</subfield>
		</datafield>
		<datafield tag="599" ind1=" " ind2=" ">
			<subfield code="a">Imported from: catalog.library.cornell.edu:7090/voyager (Do not remove)</subfield>
		</datafield>
		<datafield tag="650" ind1=" " ind2="7">
			<subfield code="a">Utopier</subfield>
			<subfield code="0">https://id.kb.se/term/sao/Utopier</subfield>
			<subfield code="2">sao</subfield>
		</datafield>
		<datafield tag="650" ind1=" " ind2="0">
			<subfield code="a">Utopias</subfield>
			<subfield code="v">Early works to 1800.</subfield>
		</datafield>
		<datafield tag="650" ind1=" " ind2="7">
			<subfield code="a">Utopias.</subfield>
			<subfield code="2">fast</subfield>
		</datafield>
		<datafield tag="650" ind1=" " ind2="0">
			<subfield code="a">Utopias</subfield>
		</datafield>
		<datafield tag="655" ind1=" " ind2="7">
			<subfield code="a">Early works.</subfield>
			<subfield code="2">fast</subfield>
		</datafield>
		<datafield tag="655" ind1=" " ind2="4">
			<subfield code="0">https://id.kb.se/marc/NotFictionNotFurtherSpecified</subfield>
		</datafield>
		<datafield tag="700" ind1="1" ind2=" ">
			<subfield code="a">Le Guin, Ursula K.,</subfield>
			<subfield code="d">1929-2018</subfield>
			<subfield code="4">ctb</subfield>
			<subfield code="0">https://libris.kb.se/64jlmwhq151m7d9#it</subfield>
		</datafield>
		<datafield tag="841" ind1=" " ind2=" ">
			<subfield code="5">Arkm</subfield>
			<subfield code="a">u  a</subfield>
			<subfield code="b">180628||0000|||||000||||||000000</subfield>
			<subfield code="e">|</subfield>
		</datafield>
		<datafield tag="841" ind1=" " ind2=" ">
			<subfield code="5">Lsol</subfield>
			<subfield code="a">u  a</subfield>
			<subfield code="b">180921||0000|||||000||||||000000</subfield>
			<subfield code="e">|</subfield>
		</datafield>
		<datafield tag="852" ind1=" " ind2=" ">
			<subfield code="5">Arkm</subfield>
			<subfield code="b">Arkm</subfield>
			<subfield code="h">335.4</subfield>
			<subfield code="l">More</subfield>
		</datafield>
		<datafield tag="852" ind1=" " ind2=" ">
			<subfield code="5">Lsol</subfield>
			<subfield code="b">Lsol</subfield>
			<subfield code="x">es</subfield>
		</datafield>
		<datafield tag="876" ind1=" " ind2=" ">
			<subfield code="5">Arkm</subfield>
			<subfield code="z">2018/144</subfield>
		</datafield>
		<datafield tag="887" ind1=" " ind2=" ">
			<subfield code="a">{"@id":"fnbc8n54cghq4nn1","modified":"2018-09-21T09:47:52.395+02:00","checksum":"113849658886"}</subfield>
			<subfield code="2">librisxl</subfield>
		</datafield>
		<datafield tag="887" ind1=" " ind2=" ">
			<subfield code="5">Arkm</subfield>
			<subfield code="a">{"@id":"qzmnk5gxn17zzlmh","modified":"2018-06-29T07:46:22.137+02:00","checksum":"10075263701"}</subfield>
			<subfield code="2">librisxl</subfield>
		</datafield>
		<datafield tag="887" ind1=" " ind2=" ">
			<subfield code="5">Lsol</subfield>
			<subfield code="a">{"@id":"r10rzrrvpv54ktzn","modified":"2018-09-21T09:48:55.977+02:00","checksum":"4431887234"}</subfield>
			<subfield code="2">librisxl</subfield>
		</datafield>
		<datafield tag="900" ind1="1" ind2="s">
			<subfield code="6">700</subfield>
			<subfield code="a">Guin, Ursula K. le,</subfield>
			<subfield code="d">1927-2018</subfield>
			<subfield code="u">Le Guin, Ursula K.,</subfield>
			<subfield code="d">1929-2018</subfield>
		</datafield>
		<datafield tag="900" ind1="1" ind2="s">
			<subfield code="6">700</subfield>
			<subfield code="a">Le Guin, Ursula Kroeber,</subfield>
			<subfield code="d">1929-2018</subfield>
			<subfield code="u">Le Guin, Ursula K.,</subfield>
			<subfield code="d">1929-2018</subfield>
		</datafield>
		<datafield tag="900" ind1="1" ind2="s">
			<subfield code="6">700</subfield>
			<subfield code="a">Guin, Ursula Kroeber le,</subfield>
			<subfield code="d">1929-2018</subfield>
			<subfield code="u">Le Guin, Ursula K.,</subfield>
			<subfield code="d">1929-2018</subfield>
		</datafield>
		<datafield tag="900" ind1="1" ind2="s">
			<subfield code="6">100</subfield>
			<subfield code="a">More, Thomas,</subfield>
			<subfield code="c">Sir, helgon,</subfield>
			<subfield code="d">1478-1535</subfield>
			<subfield code="u">More, Thomas,</subfield>
			<subfield code="c">Sir, helgon,</subfield>
			<subfield code="d">1478-1535</subfield>
		</datafield>
		<datafield tag="900" ind1="1" ind2="s">
			<subfield code="6">100</subfield>
			<subfield code="a">More, Sir Thomas,</subfield>
			<subfield code="c">Saint,</subfield>
			<subfield code="d">1478-1535</subfield>
			<subfield code="u">More, Thomas,</subfield>
			<subfield code="c">Sir, helgon,</subfield>
			<subfield code="d">1478-1535</subfield>
		</datafield>
		<datafield tag="900" ind1="1" ind2="s">
			<subfield code="6">100</subfield>
			<subfield code="a">More, Sir Thomas,</subfield>
			<subfield code="d">1478-1535</subfield>
			<subfield code="u">More, Thomas,</subfield>
			<subfield code="c">Sir, helgon,</subfield>
			<subfield code="d">1478-1535</subfield>
		</datafield>
		<datafield tag="900" ind1="1" ind2="s">
			<subfield code="6">100</subfield>
			<subfield code="a">Moore, Thomas,</subfield>
			<subfield code="d">1478-1535</subfield>
			<subfield code="u">More, Thomas,</subfield>
			<subfield code="c">Sir, helgon,</subfield>
			<subfield code="d">1478-1535</subfield>
		</datafield>
		<datafield tag="900" ind1="1" ind2="s">
			<subfield code="6">100</subfield>
			<subfield code="a">Morus, Thomas,</subfield>
			<subfield code="d">1478-1535</subfield>
			<subfield code="u">More, Thomas,</subfield>
			<subfield code="c">Sir, helgon,</subfield>
			<subfield code="d">1478-1535</subfield>
		</datafield>
		<datafield tag="950" ind1=" " ind2="k">
			<subfield code="6">650</subfield>
			<subfield code="w">g</subfield>
			<subfield code="a">Statsvetenskap</subfield>
			<subfield code="u">Utopier</subfield>
		</datafield>
		<datafield tag="950" ind1=" " ind2="k">
			<subfield code="6">650</subfield>
			<subfield code="a">Dystopier</subfield>
			<subfield code="u">Utopier</subfield>
		</datafield>
		<datafield tag="950" ind1=" " ind2="k">
			<subfield code="6">650</subfield>
			<subfield code="a">Idealstd̃er</subfield>
			<subfield code="u">Utopier</subfield>
		</datafield>
		<datafield tag="950" ind1=" " ind2="k">
			<subfield code="6">650</subfield>
			<subfield code="a">Utopisk socialism</subfield>
			<subfield code="u">Utopier</subfield>
		</datafield>
	</record>