 -->
	<!-- <record>
		<leader>01361cam a2200301mi 4500</leader>
		<controlfield tag="001">fp85323tcl9j9j5g</controlfield>
		<controlfield tag="003">LIBRIS</controlfield>
		<controlfield tag="005">20190226133647.0</controlfield>
		<controlfield tag="008">190226s2017    enka|||d||||||000 f|eng|d</controlfield>
		<datafield tag="020" ind1=" " ind2=" ">
			<subfield code="a">9780552576345</subfield>
			<subfield code="q">(paperback)</subfield>
		</datafield>
		<datafield tag="020" ind1=" " ind2=" ">
			<subfield code="a">0552576344</subfield>
		</datafield>
		<datafield tag="040" ind1=" " ind2=" ">
			<subfield code="a">Um</subfield>
			<subfield code="b">dut</subfield>
			<subfield code="c">NLGGC</subfield>
			<subfield code="e">i</subfield>
			<subfield code="e">rda</subfield>
		</datafield>
		<datafield tag="041" ind1=" " ind2=" ">
			<subfield code="a">eng</subfield>
		</datafield>
		<datafield tag="100" ind1="1" ind2=" ">
			<subfield code="a">Pratchett, Terry</subfield>
			<subfield code="q">(Terence David John),</subfield>
			<subfield code="d">1948-2015.</subfield>
			<subfield code="4">aut</subfield>
		</datafield>
		<datafield tag="245" ind1="1" ind2="4">
			<subfield code="a">The shepherd's crown :</subfield>
			<subfield code="b">a Tiffany Aching novel /</subfield>
			<subfield code="c">Terry Pratchett.</subfield>
		</datafield>
		<datafield tag="264" ind1=" " ind2="1">
			<subfield code="a">London :</subfield>
			<subfield code="b">Corgi Books,</subfield>
			<subfield code="c">2017</subfield>
		</datafield>
		<datafield tag="300" ind1=" " ind2=" ">
			<subfield code="a">326 pagina's</subfield>
			<subfield code="b">zwart-wit illustraties</subfield>
			<subfield code="c">20 cm</subfield>
		</datafield>
		<datafield tag="336" ind1=" " ind2=" ">
			<subfield code="a">tekst</subfield>
			<subfield code="b">txt</subfield>
			<subfield code="2">rdacontent/dut</subfield>
		</datafield>
		<datafield tag="337" ind1=" " ind2=" ">
			<subfield code="a">zonder medium</subfield>
			<subfield code="b">n</subfield>
			<subfield code="2">rdamedia/dut</subfield>
		</datafield>
		<datafield tag="338" ind1=" " ind2=" ">
			<subfield code="a">band</subfield>
			<subfield code="b">nc</subfield>
			<subfield code="2">rdacarrier/dut</subfield>
		</datafield>
		<datafield tag="340" ind1=" " ind2=" ">
			<subfield code="b">20 cm</subfield>
		</datafield>
		<datafield tag="500" ind1=" " ind2=" ">
			<subfield code="a">Colofon vermeldt: interior illustrations: Laura Ellen Anderson.</subfield>
		</datafield>
		<datafield tag="500" ind1=" " ind2=" ">
			<subfield code="a">Oorspronkelijke uitgave: Londen : Doubleday, 2015.</subfield>
		</datafield>
		<datafield tag="520" ind1="2" ind2=" ">
			<subfield code="a">De jonge heks Tiffany Aching wordt tot onofficil︠e leidster van de heksen benoemd, nadat Granny Weatherwax overlijdt. Daarom grijpen de elfen de kans aan om Discworld over te nemen. Vanaf ca. 12 jaar.</subfield>
			<subfield code="c">NL-ZmNBD.</subfield>
		</datafield>
		<datafield tag="599" ind1=" " ind2=" ">
			<subfield code="a">Imported from: zcat.oclc.org:210/OLUCWorldCat (Do not remove)</subfield>
		</datafield>
		<datafield tag="655" ind1=" " ind2="4">
			<subfield code="0">https://id.kb.se/marc/Novel</subfield>
		</datafield>
		<datafield tag="700" ind1="1" ind2=" ">
			<subfield code="a">Anderson, Laura Ellen.</subfield>
			<subfield code="4">ill</subfield>
		</datafield>
		<datafield tag="887" ind1=" " ind2=" ">
			<subfield code="a">{"@id":"fp85323tcl9j9j5g","modified":"2019-02-26T13:36:47.264+01:00","checksum":"39066836305"}</subfield>
			<subfield code="2">librisxl</subfield>
		</datafield>
	</record>