


	<record>
		<leader>00912cam a22002658i 4500</leader>
		<controlfield tag="001">w5ngqm0jtscxnbn6</controlfield>
		<controlfield tag="003">LIBRIS</controlfield>
		<controlfield tag="005">20190208080023.0</controlfield>
		<controlfield tag="008">190208s2019    xx |||||||||||000 1|eng|d</controlfield>
		<datafield tag="020" ind1=" " ind2=" ">
			<subfield code="a">9780552176453</subfield>
			<subfield code="q">pocket</subfield>
		</datafield>
		<datafield tag="035" ind1=" " ind2=" ">
			<subfield code="a">(BOKR)9780552176453</subfield>
		</datafield>
		<datafield tag="040" ind1=" " ind2=" ">
			<subfield code="a">BOKR</subfield>
			<subfield code="e">i</subfield>
		</datafield>
		<datafield tag="041" ind1=" " ind2=" ">
			<subfield code="a">eng</subfield>
		</datafield>
		<datafield tag="100" ind1="1" ind2=" ">
			<subfield code="a">Pratchett, Terry</subfield>
			<subfield code="4">aut</subfield>
		</datafield>
		<datafield tag="245" ind1="1" ind2="0">
			<subfield code="a">Good Omens</subfield>
		</datafield>
		<datafield tag="263" ind1=" " ind2=" ">
			<subfield code="a">201904</subfield>
		</datafield>
		<datafield tag="264" ind1=" " ind2="1">
			<subfield code="b">Random House UK,</subfield>
			<subfield code="c">2019</subfield>
		</datafield>
		<datafield tag="300" ind1=" " ind2=" ">
			<subfield code="a">416 sidor</subfield>
			<subfield code="c">19.8 cm</subfield>
		</datafield>
		<datafield tag="336" ind1=" " ind2=" ">
			<subfield code="a">text</subfield>
			<subfield code="b">txt</subfield>
			<subfield code="2">rdacontent</subfield>
		</datafield>
		<datafield tag="337" ind1=" " ind2=" ">
			<subfield code="a">unmediated</subfield>
			<subfield code="b">n</subfield>
			<subfield code="2">rdamedia</subfield>
		</datafield>
		<datafield tag="338" ind1=" " ind2=" ">
			<subfield code="a">volume</subfield>
			<subfield code="b">nc</subfield>
			<subfield code="2">rdacarrier</subfield>
		</datafield>
		<datafield tag="340" ind1=" " ind2=" ">
			<subfield code="b">19.8 cm</subfield>
		</datafield>
		<datafield tag="599" ind1=" " ind2=" ">
			<subfield code="a">Maskinellt genererad post. Ändra kod för fullständighetsnivå (leader/17), annars kommer manuellt gjorda ändringar att försvinna.</subfield>
		</datafield>
		<datafield tag="655" ind1=" " ind2="4">
			<subfield code="0">https://id.kb.se/marc/FictionNotFurtherSpecified</subfield>
		</datafield>
		<datafield tag="887" ind1=" " ind2=" ">
			<subfield code="a">{"@id":"w5ngqm0jtscxnbn6","modified":"2019-02-08T08:00:23.202+01:00","checksum":"23460778393"}</subfield>
			<subfield code="2">librisxl</subfield>
		</datafield>
	</record>