


	<record>
		<leader>01098cam a22002415a 4500</leader>
		<controlfield tag="001">v4ld1nbmsd20x3cw</controlfield>
		<controlfield tag="003">LIBRIS</controlfield>
		<controlfield tag="005">20190130101627.0</controlfield>
		<controlfield tag="008">190130s2016    us |||||||||||000 1|eng|c</controlfield>
		<datafield tag="020" ind1=" " ind2=" ">
			<subfield code="a">9780804169219</subfield>
		</datafield>
		<datafield tag="035" ind1=" " ind2=" ">
			<subfield code="a">(Adlibris)9780804169219</subfield>
		</datafield>
		<datafield tag="040" ind1=" " ind2=" ">
			<subfield code="a">SEK</subfield>
			<subfield code="e">a</subfield>
		</datafield>
		<datafield tag="041" ind1=" " ind2=" ">
			<subfield code="a">eng</subfield>
		</datafield>
		<datafield tag="100" ind1="1" ind2=" ">
			<subfield code="a">Pratchett, Terry</subfield>
		</datafield>
		<datafield tag="245" ind1="1" ind2="0">
			<subfield code="a">A Blink of the Screen: Collected Shorter Fiction /</subfield>
			<subfield code="c">Terry Pratchett, A. S. Byatt.</subfield>
		</datafield>
		<datafield tag="264" ind1=" " ind2="1">
			<subfield code="b">ANCHOR BOOKS,</subfield>
			<subfield code="c">2016</subfield>
		</datafield>
		<datafield tag="599" ind1=" " ind2=" ">
			<subfield code="a">Maskinellt genererad post. Ändra kod för fullständighetsnivå (leader/17), annars kommer manuellt gjorda ändringar att försvinna.</subfield>
		</datafield>
		<datafield tag="655" ind1=" " ind2="4">
			<subfield code="0">https://id.kb.se/marc/FictionNotFurtherSpecified</subfield>
		</datafield>
		<datafield tag="841" ind1=" " ind2=" ">
			<subfield code="5">Sk</subfield>
			<subfield code="a">x  a</subfield>
			<subfield code="b">190130||0000|||||000||||||000000</subfield>
			<subfield code="e">1</subfield>
		</datafield>
		<datafield tag="852" ind1=" " ind2=" ">
			<subfield code="5">Sk</subfield>
			<subfield code="b">Sk</subfield>
		</datafield>
		<datafield tag="856" ind1="4" ind2="8">
			<subfield code="3">Omslagsbild</subfield>
			<subfield code="u">https://s2.adlibris.com/images/19248178/a-blink-of-the-screen-collected-shorter-fiction.jpg</subfield>
		</datafield>
		<datafield tag="887" ind1=" " ind2=" ">
			<subfield code="a">{"@id":"v4ld1nbmsd20x3cw","modified":"2019-01-30T10:16:27.199+01:00","checksum":"28501345174"}</subfield>
			<subfield code="2">librisxl</subfield>
		</datafield>
		<datafield tag="887" ind1=" " ind2=" ">
			<subfield code="5">Sk</subfield>
			<subfield code="a">{"@id":"z7ph4rfswl8rmw87","modified":"2019-01-30T10:16:27.246+01:00","checksum":"13543232343"}</subfield>
			<subfield code="2">librisxl</subfield>
		</datafield>
	</record>