
 -->
<!-- 
	<record>
		<leader>02054cam a22005535  4500</leader>
		<controlfield tag="001">t3ccsm75rrgv2jz4</controlfield>
		<controlfield tag="003">LIBRIS</controlfield>
		<controlfield tag="005">20190108140413.0</controlfield>
		<controlfield tag="008">181210r20172009ru |||||||||||000 1|rus|d</controlfield>
		<datafield tag="020" ind1=" " ind2=" ">
			<subfield code="a">9785699967667</subfield>
		</datafield>
		<datafield tag="035" ind1=" " ind2=" ">
			<subfield code="a">SBCI006397619</subfield>
		</datafield>
		<datafield tag="040" ind1=" " ind2=" ">
			<subfield code="a">SEK</subfield>
		</datafield>
		<datafield tag="041" ind1="1" ind2=" ">
			<subfield code="a">rus</subfield>
			<subfield code="h">eng</subfield>
		</datafield>
		<datafield tag="082" ind1="0" ind2="4">
			<subfield code="a">891.7</subfield>
			<subfield code="2">22 (machine generated)</subfield>
		</datafield>
		<datafield tag="084" ind1=" " ind2=" ">
			<subfield code="a">88.61</subfield>
			<subfield code="2">dk5s</subfield>
		</datafield>
		<datafield tag="084" ind1=" " ind2=" ">
			<subfield code="a">Hma,u</subfield>
			<subfield code="2">kssb/8</subfield>
		</datafield>
		<datafield tag="100" ind1="1" ind2=" ">
			<subfield code="a">Pratchett, Terry.</subfield>
			<subfield code="4">aut</subfield>
		</datafield>
		<datafield tag="240" ind1="1" ind2="0">
			<subfield code="a">Johnny and the bomb.</subfield>
		</datafield>
		<datafield tag="245" ind1="1" ind2="0">
			<subfield code="a">Dzjonni i bomba</subfield>
		</datafield>
		<datafield tag="264" ind1=" " ind2="1">
			<subfield code="a">Moskva :</subfield>
			<subfield code="b">Izdatelstvo "EKSMO",</subfield>
			<subfield code="c">2017</subfield>
		</datafield>
		<datafield tag="300" ind1=" " ind2=" ">
			<subfield code="a">317 sider.</subfield>
		</datafield>
		<datafield tag="490" ind1="1" ind2=" ">
			<subfield code="a">Terri Pratchett ;</subfield>
			<subfield code="v">[3]</subfield>
		</datafield>
		<datafield tag="500" ind1=" " ind2=" ">
			<subfield code="a">Ungdomsbog.</subfield>
		</datafield>
		<datafield tag="500" ind1=" " ind2=" ">
			<subfield code="a">Dansk titel: Johnny og bomben.</subfield>
		</datafield>
		<datafield tag="500" ind1=" " ind2=" ">
			<subfield code="a">Svensk titel: Johnny och bomben.</subfield>
		</datafield>
		<datafield tag="500" ind1=" " ind2=" ">
			<subfield code="a">Originaludgave: 1996.</subfield>
		</datafield>
		<datafield tag="520" ind1="8" ind2=" ">
			<subfield code="a">Johnny og hans venner bor i Blackbury. En dag hjl̆per de en gammel posedame og opdager, at poserne i hendes indkb̜svogn giver adgang til tidsrejser. Pludselig befinder br̜nene sig i 1941.</subfield>
		</datafield>
		<datafield tag="521" ind1="8" ind2=" ">
			<subfield code="a">Velegnet til hj̜tls̆ning.</subfield>
		</datafield>
		<datafield tag="546" ind1=" " ind2=" ">
			<subfield code="a">Kyrillisk alfabet.</subfield>
		</datafield>
		<datafield tag="580" ind1=" " ind2=" ">
			<subfield code="a">Samhr̜ende: Tolko ty mozjesj spasti tjelovetjestvo ; Dzjonni i mertvetsy ; Dzjonni i bomba.</subfield>
		</datafield>
		<datafield tag="600" ind1="1" ind2="4">
			<subfield code="a">Maxwell, Johnny,</subfield>
			<subfield code="c">fiktiv person.</subfield>
		</datafield>
		<datafield tag="650" ind1=" " ind2="4">
			<subfield code="a">ungdomsbg̜er.</subfield>
		</datafield>
		<datafield tag="650" ind1=" " ind2="4">
			<subfield code="a">young adult.</subfield>
		</datafield>
		<datafield tag="650" ind1=" " ind2="4">
			<subfield code="a">tidsrejser.</subfield>
		</datafield>
		<datafield tag="650" ind1=" " ind2="4">
			<subfield code="a">fantastiske fortl̆linger.</subfield>
		</datafield>
		<datafield tag="650" ind1=" " ind2="4">
			<subfield code="a">den 2. verdenskrig.</subfield>
		</datafield>
		<datafield tag="650" ind1=" " ind2="4">
			<subfield code="a">England.</subfield>
		</datafield>
		<datafield tag="650" ind1=" " ind2="4">
			<subfield code="a">Storbritannien.</subfield>
		</datafield>
		<datafield tag="650" ind1=" " ind2="4">
			<subfield code="a">1940-1949.</subfield>
		</datafield>
		<datafield tag="650" ind1=" " ind2="4">
			<subfield code="a">samfundskritik.</subfield>
		</datafield>
		<datafield tag="650" ind1=" " ind2="4">
			<subfield code="a">1990-1999.</subfield>
		</datafield>
		<datafield tag="655" ind1=" " ind2="4">
			<subfield code="0">https://id.kb.se/marc/FictionNotFurtherSpecified</subfield>
		</datafield>
		<datafield tag="720" ind1=" " ind2=" ">
			<subfield code="a">N. Allunan.</subfield>
			<subfield code="4">trl</subfield>
		</datafield>
		<datafield tag="830" ind1=" " ind2="0">
			<subfield code="a">Terri Pratchett</subfield>
			<subfield code="p">Trilogija Dzjonni Maksvella ;</subfield>
			<subfield code="v">[3]</subfield>
		</datafield>
		<datafield tag="841" ind1=" " ind2=" ">
			<subfield code="5">Tanu</subfield>
			<subfield code="a">x  a</subfield>
			<subfield code="b">190108||0000|||||000||||||000000</subfield>
			<subfield code="e">|</subfield>
		</datafield>
		<datafield tag="852" ind1=" " ind2=" ">
			<subfield code="5">Tanu</subfield>
			<subfield code="b">Tanu</subfield>
			<subfield code="h">uHma</subfield>
		</datafield>
		<datafield tag="887" ind1=" " ind2=" ">
			<subfield code="a">{"@id":"t3ccsm75rrgv2jz4","modified":"2019-01-08T14:04:13.496+01:00","checksum":"97696727732"}</subfield>
			<subfield code="2">librisxl</subfield>
		</datafield>
		<datafield tag="887" ind1=" " ind2=" ">
			<subfield code="5">Tanu</subfield>
			<subfield code="a">{"@id":"5ft3p6d53xk3f3v3","modified":"2019-01-08T14:04:29.168+01:00","checksum":"95279078780"}</subfield>
			<subfield code="2">librisxl</subfield>
		</datafield>
		<datafield tag="976" ind1="0" ind2=" ">
			<subfield code="a">Hma</subfield>
			<subfield code="b">Skönlitteratur: ryska</subfield>
		</datafield>
	</record>