


	<record>
		<leader>02159cam a22005177i 4500</leader>
		<controlfield tag="001">8jjpwfl06b4zhwv0</controlfield>
		<controlfield tag="003">LIBRIS</controlfield>
		<controlfield tag="005">20190219140830.0</controlfield>
		<controlfield tag="008">181003s2015    xxk|||||||||||000 f|eng|d</controlfield>
		<datafield tag="020" ind1=" " ind2=" ">
			<subfield code="a">9781473214712</subfield>
			<subfield code="q">inbunden</subfield>
		</datafield>
		<datafield tag="035" ind1=" " ind2=" ">
			<subfield code="a">(BOKR)9781473214712</subfield>
		</datafield>
		<datafield tag="040" ind1=" " ind2=" ">
			<subfield code="a">BOKR</subfield>
			<subfield code="b">swe</subfield>
			<subfield code="d">Vasb</subfield>
			<subfield code="e">i</subfield>
		</datafield>
		<datafield tag="041" ind1=" " ind2=" ">
			<subfield code="a">eng</subfield>
		</datafield>
		<datafield tag="082" ind1="0" ind2="4">
			<subfield code="a">823</subfield>
			<subfield code="2">22 (machine generated)</subfield>
		</datafield>
		<datafield tag="084" ind1=" " ind2=" ">
			<subfield code="a">He.01</subfield>
			<subfield code="2">kssb/8</subfield>
		</datafield>
		<datafield tag="100" ind1="1" ind2=" ">
			<subfield code="a">Gaiman, Neil</subfield>
			<subfield code="4">aut</subfield>
			<subfield code="0">https://libris.kb.se/jgvz4n024qp1xps#it</subfield>
		</datafield>
		<datafield tag="245" ind1="1" ind2="0">
			<subfield code="a">Good omens :</subfield>
			<subfield code="b">the nice and accurate prophecies of Agnes Nutter, witch /</subfield>
			<subfield code="c">by Neil Gaiman and Terry Pratchett.</subfield>
		</datafield>
		<datafield tag="264" ind1=" " ind2="1">
			<subfield code="a">London :</subfield>
			<subfield code="b">Gollancz,</subfield>
			<subfield code="c">2015</subfield>
		</datafield>
		<datafield tag="300" ind1=" " ind2=" ">
			<subfield code="a">424 sidor</subfield>
			<subfield code="c">14 cm</subfield>
		</datafield>
		<datafield tag="336" ind1=" " ind2=" ">
			<subfield code="b">txt</subfield>
			<subfield code="2">rdacontent</subfield>
		</datafield>
		<datafield tag="337" ind1=" " ind2=" ">
			<subfield code="b">n</subfield>
			<subfield code="2">rdamedia</subfield>
		</datafield>
		<datafield tag="338" ind1=" " ind2=" ">
			<subfield code="b">nc</subfield>
			<subfield code="2">rdacarrier</subfield>
		</datafield>
		<datafield tag="340" ind1=" " ind2=" ">
			<subfield code="b">14 cm</subfield>
		</datafield>
		<datafield tag="500" ind1=" " ind2=" ">
			<subfield code="a">Originalupplaga 1990</subfield>
		</datafield>
		<datafield tag="655" ind1=" " ind2="7">
			<subfield code="a">Romaner</subfield>
			<subfield code="0">https://id.kb.se/term/saogf/Romaner</subfield>
			<subfield code="2">saogf</subfield>
		</datafield>
		<datafield tag="655" ind1=" " ind2="7">
			<subfield code="a">Fantasy</subfield>
			<subfield code="0">https://id.kb.se/term/saogf/Fantasy</subfield>
			<subfield code="2">saogf</subfield>
		</datafield>
		<datafield tag="655" ind1=" " ind2="4">
			<subfield code="0">https://id.kb.se/marc/Novel</subfield>
		</datafield>
		<datafield tag="700" ind1="1" ind2=" ">
			<subfield code="a">Pratchett, Terry,</subfield>
			<subfield code="d">1948-2015</subfield>
			<subfield code="4">aut</subfield>
			<subfield code="0">https://libris.kb.se/ljx02jb424jblkq#it</subfield>
		</datafield>
		<datafield tag="841" ind1=" " ind2=" ">
			<subfield code="5">Vasb</subfield>
			<subfield code="a">x  a</subfield>
			<subfield code="b">190219||0000|||||000||||||000000</subfield>
			<subfield code="e">|</subfield>
		</datafield>
		<datafield tag="852" ind1=" " ind2=" ">
			<subfield code="5">Vasb</subfield>
			<subfield code="b">Vasb</subfield>
			<subfield code="h">uHe</subfield>
		</datafield>
		<datafield tag="887" ind1=" " ind2=" ">
			<subfield code="a">{"@id":"8jjpwfl06b4zhwv0","modified":"2019-02-19T14:08:30.294+01:00","checksum":"71448176896"}</subfield>
			<subfield code="2">librisxl</subfield>
		</datafield>
		<datafield tag="887" ind1=" " ind2=" ">
			<subfield code="5">Vasb</subfield>
			<subfield code="a">{"@id":"v4nrq6gqsh4pn8g3","modified":"2019-02-19T14:08:42.873+01:00","checksum":"35761602541"}</subfield>
			<subfield code="2">librisxl</subfield>
		</datafield>
		<datafield tag="900" ind1="1" ind2="s">
			<subfield code="6">700</subfield>
			<subfield code="a">Prattjett, Terri,</subfield>
			<subfield code="d">1948-2015</subfield>
			<subfield code="u">Pratchett, Terry,</subfield>
			<subfield code="d">1948-2015</subfield>
		</datafield>
		<datafield tag="900" ind1="1" ind2="s">
			<subfield code="6">700</subfield>
			<subfield code="a">Pracet, Teri,</subfield>
			<subfield code="d">1948-2015</subfield>
			<subfield code="u">Pratchett, Terry,</subfield>
			<subfield code="d">1948-2015</subfield>
		</datafield>
		<datafield tag="955" ind1=" " ind2="k">
			<subfield code="6">655</subfield>
			<subfield code="w">g</subfield>
			<subfield code="a">Skönlitteratur</subfield>
			<subfield code="u">Romaner</subfield>
		</datafield>
		<datafield tag="955" ind1=" " ind2="k">
			<subfield code="6">655</subfield>
			<subfield code="w">h</subfield>
			<subfield code="a">Brevromaner</subfield>
			<subfield code="u">Romaner</subfield>
		</datafield>
		<datafield tag="955" ind1=" " ind2="k">
			<subfield code="6">655</subfield>
			<subfield code="w">h</subfield>
			<subfield code="a">Dagboksromaner</subfield>
			<subfield code="u">Romaner</subfield>
		</datafield>
		<datafield tag="955" ind1=" " ind2="k">
			<subfield code="6">655</subfield>
			<subfield code="w">h</subfield>
			<subfield code="a">Kollektivromaner</subfield>
			<subfield code="u">Romaner</subfield>
		</datafield>
		<datafield tag="955" ind1=" " ind2="k">
			<subfield code="6">655</subfield>
			<subfield code="w">h</subfield>
			<subfield code="a">Nyckelromaner</subfield>
			<subfield code="u">Romaner</subfield>
		</datafield>
		<datafield tag="955" ind1=" " ind2="k">
			<subfield code="6">655</subfield>
			<subfield code="w">h</subfield>
			<subfield code="a">Pikareskromaner</subfield>
			<subfield code="u">Romaner</subfield>
		</datafield>
		<datafield tag="955" ind1=" " ind2="k">
			<subfield code="6">655</subfield>
			<subfield code="w">h</subfield>
			<subfield code="a">Serieromaner</subfield>
			<subfield code="u">Romaner</subfield>
		</datafield>
		<datafield tag="955" ind1=" " ind2="k">
			<subfield code="6">655</subfield>
			<subfield code="w">h</subfield>
			<subfield code="a">Utvecklingsromaner</subfield>
			<subfield code="u">Romaner</subfield>
		</datafield>
		<datafield tag="955" ind1=" " ind2="s">
			<subfield code="6">655</subfield>
			<subfield code="a">Fantastisk litteratur</subfield>
			<subfield code="u">Fantasy</subfield>
		</datafield>
		<datafield tag="955" ind1=" " ind2="k">
			<subfield code="6">655</subfield>
			<subfield code="w">g</subfield>
			<subfield code="a">Skönlitteratur</subfield>
			<subfield code="u">Fantasy</subfield>
		</datafield>
		<datafield tag="955" ind1=" " ind2="k">
			<subfield code="6">655</subfield>
			<subfield code="w">h</subfield>
			<subfield code="a">Urban fantasy</subfield>
			<subfield code="u">Fantasy</subfield>
		</datafield>
		<datafield tag="976" ind1="0" ind2=" ">
			<subfield code="a">He.01</subfield>
			<subfield code="b">Skönlitteratur: engelska: romaner och noveller</subfield>
		</datafield>
	</record>