
	<record>
		<leader>00959cam a22002778i 4500</leader>
		<controlfield tag="001">pzz4qrvrm0c8cmhh</controlfield>
		<controlfield tag="003">LIBRIS</controlfield>
		<controlfield tag="005">20181003105724.0</controlfield>
		<controlfield tag="008">181003s2018    xx ||||j||||||000 1|eng|d</controlfield>
		<datafield tag="020" ind1=" " ind2=" ">
			<subfield code="a">9780552576802</subfield>
			<subfield code="q">pocket</subfield>
		</datafield>
		<datafield tag="035" ind1=" " ind2=" ">
			<subfield code="a">(BOKR)9780552576802</subfield>
		</datafield>
		<datafield tag="040" ind1=" " ind2=" ">
			<subfield code="a">BOKR</subfield>
			<subfield code="e">i</subfield>
		</datafield>
		<datafield tag="041" ind1=" " ind2=" ">
			<subfield code="a">eng</subfield>
		</datafield>
		<datafield tag="100" ind1="1" ind2=" ">
			<subfield code="a">Pratchett, Terry</subfield>
			<subfield code="4">aut</subfield>
		</datafield>
		<datafield tag="245" ind1="1" ind2="0">
			<subfield code="a">Amazing maurice and his educated rodents</subfield>
		</datafield>
		<datafield tag="263" ind1=" " ind2=" ">
			<subfield code="a">201804</subfield>
		</datafield>
		<datafield tag="264" ind1=" " ind2="1">
			<subfield code="b">Random House Childrens Publish,</subfield>
			<subfield code="c">2018</subfield>
		</datafield>
		<datafield tag="300" ind1=" " ind2=" ">
			<subfield code="a">304 sidor</subfield>
			<subfield code="c">19.8 cm</subfield>
		</datafield>
		<datafield tag="336" ind1=" " ind2=" ">
			<subfield code="b">txt</subfield>
			<subfield code="2">rdacontent</subfield>
		</datafield>
		<datafield tag="337" ind1=" " ind2=" ">
			<subfield code="b">n</subfield>
			<subfield code="2">rdamedia</subfield>
		</datafield>
		<datafield tag="338" ind1=" " ind2=" ">
			<subfield code="b">nc</subfield>
			<subfield code="2">rdacarrier</subfield>
		</datafield>
		<datafield tag="340" ind1=" " ind2=" ">
			<subfield code="b">19.8 cm</subfield>
		</datafield>
		<datafield tag="490" ind1="0" ind2=" ">
			<subfield code="a">DISCWORLD NOVELS</subfield>
		</datafield>
		<datafield tag="599" ind1=" " ind2=" ">
			<subfield code="a">Maskinellt genererad post. Ändra kod för fullständighetsnivå (leader/17), annars kommer manuellt gjorda ändringar att försvinna.</subfield>
		</datafield>
		<datafield tag="655" ind1=" " ind2="4">
			<subfield code="0">https://id.kb.se/marc/FictionNotFurtherSpecified</subfield>
		</datafield>
		<datafield tag="887" ind1=" " ind2=" ">
			<subfield code="a">{"@id":"pzz4qrvrm0c8cmhh","modified":"2018-10-03T10:57:24.46+02:00","checksum":"39645570672"}</subfield>
			<subfield code="2">librisxl</subfield>
		</datafield>
	</record>