
 -->
 <!-- 

	<record>
		<leader>00932cam a22002778i 4500</leader>
		<controlfield tag="001">dnntpvxwb416bz2r</controlfield>
		<controlfield tag="003">LIBRIS</controlfield>
		<controlfield tag="005">20181003125058.0</controlfield>
		<controlfield tag="008">181003s2006    xx |||||||||||000 0|eng|d</controlfield>
		<datafield tag="020" ind1=" " ind2=" ">
			<subfield code="a">9780552154178</subfield>
		</datafield>
		<datafield tag="035" ind1=" " ind2=" ">
			<subfield code="a">(BOKR)9780552154178</subfield>
		</datafield>
		<datafield tag="040" ind1=" " ind2=" ">
			<subfield code="a">BOKR</subfield>
			<subfield code="e">i</subfield>
		</datafield>
		<datafield tag="041" ind1=" " ind2=" ">
			<subfield code="a">eng</subfield>
		</datafield>
		<datafield tag="100" ind1="1" ind2=" ">
			<subfield code="a">Pratchett, Terry</subfield>
			<subfield code="4">aut</subfield>
		</datafield>
		<datafield tag="245" ind1="1" ind2="0">
			<subfield code="a">Jingo - (discworld novel 21)</subfield>
		</datafield>
		<datafield tag="263" ind1=" " ind2=" ">
			<subfield code="a">200602</subfield>
		</datafield>
		<datafield tag="264" ind1=" " ind2="1">
			<subfield code="b">Transworld Publishers Ltd,</subfield>
			<subfield code="c">2006</subfield>
		</datafield>
		<datafield tag="300" ind1=" " ind2=" ">
		    <subfield code="a">3 sidor</subfield>
			<subfield code="c">16 cm</subfield>
		</datafield>
		<datafield tag="336" ind1=" " ind2=" ">
			<subfield code="b">txt</subfield>
			<subfield code="2">rdacontent</subfield>
		</datafield>
		<datafield tag="337" ind1=" " ind2=" ">
			<subfield code="b">n</subfield>
			<subfield code="2">rdamedia</subfield>
		</datafield>
		<datafield tag="338" ind1=" " ind2=" ">
			<subfield code="b">nc</subfield>
			<subfield code="2">rdacarrier</subfield>
		</datafield>
		<datafield tag="340" ind1=" " ind2=" ">
			<subfield code="b">16 cm</subfield>
		</datafield>
		<datafield tag="490" ind1="0" ind2=" ">
			<subfield code="a">DISCWORLD NOVELS</subfield>
		</datafield>
		<datafield tag="599" ind1=" " ind2=" ">
			<subfield code="a">Maskinellt genererad post. Ändra kod för fullständighetsnivå (leader/17), annars kommer manuellt gjorda ändringar att försvinna.</subfield>
		</datafield>
		<datafield tag="655" ind1=" " ind2="4">
			<subfield code="0">https://id.kb.se/marc/NotFictionNotFurtherSpecified</subfield>
		</datafield>
		<datafield tag="887" ind1=" " ind2=" ">
			<subfield code="a">{"@id":"dnntpvxwb416bz2r","modified":"2018-10-03T12:50:58.739+02:00","checksum":"37761309884"}</subfield>
			<subfield code="2">librisxl</subfield>
		</datafield>
	</record>