
 -->


	<!-- <record>
		<leader>01250cgm a22003013a 4500</leader>
		<controlfield tag="001">13015540</controlfield>
		<controlfield tag="005">20031222140044.0</controlfield>
		<controlfield tag="007">vd cvaiz|</controlfield>
		<controlfield tag="008">021127s1997    xxu140            vleng d</controlfield>
		<datafield tag="906" ind1=" " ind2=" ">
			<subfield code="a">0</subfield>
			<subfield code="b">cbc</subfield>
			<subfield code="c">copycat</subfield>
			<subfield code="d">u</subfield>
			<subfield code="e">ncip</subfield>
			<subfield code="f">20</subfield>
			<subfield code="g">y-movingim</subfield>
		</datafield>
		<datafield tag="955" ind1=" " ind2=" ">
			<subfield code="a">uf22 2002-11-27 1 copy to MBRS qu61 2003-12-4</subfield>
		</datafield>
		<datafield tag="010" ind1=" " ind2=" ">
			<subfield code="a">  2002319261</subfield>
		</datafield>
		<datafield tag="035" ind1=" " ind2=" ">
			<subfield code="a">(OCoLC)ocm43868253</subfield>
		</datafield>
		<datafield tag="040" ind1=" " ind2=" ">
			<subfield code="a">VSB</subfield>
			<subfield code="c">VSB</subfield>
			<subfield code="d">DLC</subfield>
			<subfield code="e">amim</subfield>
		</datafield>
		<datafield tag="042" ind1=" " ind2=" ">
			<subfield code="a">lccopycat</subfield>
		</datafield>
		<datafield tag="050" ind1="0" ind2="0">
			<subfield code="a">DVA 1124 (viewing copy)</subfield>
		</datafield>
		<datafield tag="245" ind1="0" ind2="0">
			<subfield code="a">Wyrd Sisters /</subfield>
			<subfield code="c">Channel 4 TV, Cosgrove Hall Films Ltd., Ventureworld Films Ltd. and ITEL.</subfield>
		</datafield>
		<datafield tag="246" ind1="3" ind2=" ">
			<subfield code="i">Title on container:</subfield>
			<subfield code="a">Terry Pratchett's Discworld :</subfield>
			<subfield code="b">Wyrd Sisters.</subfield>
		</datafield>
		<datafield tag="257" ind1=" " ind2=" ">
			<subfield code="a">United States</subfield>
		</datafield>
		<datafield tag="260" ind1=" " ind2=" ">
			<subfield code="a">United States :</subfield>
			<subfield code="b">Acorn Media,</subfield>
			<subfield code="c">1997.</subfield>
		</datafield>
		<datafield tag="300" ind1=" " ind2=" ">
			<subfield code="a">1 videodisc of 1 (DVD) (ca. 140 min.):</subfield>
			<subfield code="b">sd., col. ;</subfield>
			<subfield code="c">4 3/4 in.</subfield>
			<subfield code="3">viewing copy.</subfield>
		</datafield>
		<datafield tag="520" ind1=" " ind2=" ">
			<subfield code="a">A sci-fi fantasy tale of sorcery and spells, witches and warts, and a fool who's smarter than he looks.</subfield>
		</datafield>
		<datafield tag="500" ind1=" " ind2=" ">
			<subfield code="a">Notes from video container.</subfield>
		</datafield>
		<datafield tag="541" ind1=" " ind2=" ">
			<subfield code="d">Received: 10/16/2003;</subfield>
			<subfield code="3">viewing copy;</subfield>
			<subfield code="c">copyright deposit-407;</subfield>
			<subfield code="a">Copyright Collection.</subfield>
		</datafield>
		<datafield tag="655" ind1=" " ind2="7">
			<subfield code="a">Science fiction</subfield>
			<subfield code="x">Animation.</subfield>
			<subfield code="2">migfg</subfield>
		</datafield>
		<datafield tag="700" ind1="1" ind2=" ">
			<subfield code="a">Pratchett, Terry.</subfield>
		</datafield>
		<datafield tag="710" ind1="2" ind2=" ">
			<subfield code="a">Acorn Media (Firm)</subfield>
		</datafield>
		<datafield tag="710" ind1="2" ind2=" ">
			<subfield code="a">Copyright Collection (Library of Congress)</subfield>
			<subfield code="5">DLC</subfield>
		</datafield>
	</record>