


	<record>
		<leader>00960cam a2200277 a 4500</leader>
		<controlfield tag="001">12173829</controlfield>
		<controlfield tag="005">20021017164431.0</controlfield>
		<controlfield tag="008">000914s1998    enk           000 0 eng  </controlfield>
		<datafield tag="906" ind1=" " ind2=" ">
			<subfield code="a">7</subfield>
			<subfield code="b">cbc</subfield>
			<subfield code="c">orignew</subfield>
			<subfield code="d">3</subfield>
			<subfield code="e">ncip</subfield>
			<subfield code="f">20</subfield>
			<subfield code="g">y-gencatlg</subfield>
		</datafield>
		<datafield tag="925" ind1="0" ind2=" ">
			<subfield code="a">acquire</subfield>
			<subfield code="b">1 shelf copies</subfield>
			<subfield code="x">policy default</subfield>
		</datafield>
		<datafield tag="955" ind1=" " ind2=" ">
			<subfield code="a">to HLCD pb07 09-14-00;</subfield>
			<subfield code="c">yj05 2001-08-09;</subfield>
			<subfield code="d">lh02 2002-02-11 to SL;</subfield>
			<subfield code="e">lj17 2002-02-12 to Dewey</subfield>
			<subfield code="a">aa05 2002-09-10</subfield>
		</datafield>
		<datafield tag="010" ind1=" " ind2=" ">
			<subfield code="a">   00703031 </subfield>
		</datafield>
		<datafield tag="020" ind1=" " ind2=" ">
			<subfield code="a">0573018294</subfield>
		</datafield>
		<datafield tag="040" ind1=" " ind2=" ">
			<subfield code="a">DLC</subfield>
			<subfield code="c">DLC</subfield>
			<subfield code="d">DLC</subfield>
		</datafield>
		<datafield tag="050" ind1="0" ind2="0">
			<subfield code="a">PR6066.R34</subfield>
			<subfield code="b">M37 1998</subfield>
		</datafield>
		<datafield tag="082" ind1="0" ind2="0">
			<subfield code="a">822/.914</subfield>
			<subfield code="2">21</subfield>
		</datafield>
		<datafield tag="100" ind1="1" ind2=" ">
			<subfield code="a">Briggs, Stephen,</subfield>
			<subfield code="d">1951-</subfield>
		</datafield>
		<datafield tag="245" ind1="1" ind2="0">
			<subfield code="a">Terry Pratchet's Maskerade /</subfield>
			<subfield code="c">adapted for the stage by Stephen Briggs.</subfield>
		</datafield>
		<datafield tag="246" ind1="3" ind2="0">
			<subfield code="a">Maskerade</subfield>
		</datafield>
		<datafield tag="260" ind1=" " ind2=" ">
			<subfield code="a">London ;</subfield>
			<subfield code="a">New York :</subfield>
			<subfield code="b">S. French,</subfield>
			<subfield code="c">c1998.</subfield>
		</datafield>
		<datafield tag="300" ind1=" " ind2=" ">
			<subfield code="a">99 p. ;</subfield>
			<subfield code="c">22 cm.</subfield>
		</datafield>
		<datafield tag="650" ind1=" " ind2="0">
			<subfield code="a">Discworld (Imaginary place)</subfield>
			<subfield code="v">Drama.</subfield>
		</datafield>
		<datafield tag="650" ind1=" " ind2="0">
			<subfield code="a">Opera</subfield>
			<subfield code="v">Drama.</subfield>
		</datafield>
		<datafield tag="650" ind1=" " ind2="0">
			<subfield code="a">Witches</subfield>
			<subfield code="v">Drama.</subfield>
		</datafield>
		<datafield tag="650" ind1=" " ind2="0">
			<subfield code="a">Fantasy drama, English.</subfield>
		</datafield>
		<datafield tag="700" ind1="1" ind2=" ">
			<subfield code="a">Pratchett, Terry.</subfield>
			<subfield code="t">Maskerade.</subfield>
		</datafield>
	</record>