


	<record>
		<leader>01134cam a2200301 a 4500</leader>
		<controlfield tag="001">12748594</controlfield>
		<controlfield tag="005">20050329140738.0</controlfield>
		<controlfield tag="008">011108s2002    enk           000 0 eng  </controlfield>
		<datafield tag="906" ind1=" " ind2=" ">
			<subfield code="a">7</subfield>
			<subfield code="b">cbc</subfield>
			<subfield code="c">origres</subfield>
			<subfield code="d">3</subfield>
			<subfield code="e">ncip</subfield>
			<subfield code="f">20</subfield>
			<subfield code="g">y-gencatlg</subfield>
		</datafield>
		<datafield tag="925" ind1="0" ind2=" ">
			<subfield code="a">acquire</subfield>
			<subfield code="b">1 shelf copy</subfield>
			<subfield code="x">policy default</subfield>
		</datafield>
		<datafield tag="955" ind1=" " ind2=" ">
			<subfield code="a">nb05 2002-04-29 to HLCD for processing</subfield>
			<subfield code="c">lk50 2002-10-01;</subfield>
			<subfield code="d">lh02 2002-10-17 to SL</subfield>
			<subfield code="e">lh44 2003-11-18 to Dewey</subfield>
			<subfield code="a">aa05 2003-12-01</subfield>
			<subfield code="c">lh45 2005-03-29 deleted 440 (Methuen drama)</subfield>
		</datafield>
		<datafield tag="010" ind1=" " ind2=" ">
			<subfield code="a">  2002391345</subfield>
		</datafield>
		<datafield tag="020" ind1=" " ind2=" ">
			<subfield code="a">0413771156 (pbk.)</subfield>
		</datafield>
		<datafield tag="035" ind1=" " ind2=" ">
			<subfield code="a">(UkLWHE)b000140383</subfield>
		</datafield>
		<datafield tag="040" ind1=" " ind2=" ">
			<subfield code="a">DLC</subfield>
			<subfield code="c">DLC</subfield>
			<subfield code="d">DLC</subfield>
		</datafield>
		<datafield tag="050" ind1="0" ind2="0">
			<subfield code="a">PR6052.R4444</subfield>
			<subfield code="b">T47 2002</subfield>
		</datafield>
		<datafield tag="082" ind1="0" ind2="0">
			<subfield code="a">823/.914</subfield>
			<subfield code="2">22</subfield>
		</datafield>
		<datafield tag="100" ind1="1" ind2=" ">
			<subfield code="a">Briggs, Stephen,</subfield>
			<subfield code="d">1951-</subfield>
		</datafield>
		<datafield tag="245" ind1="1" ind2="0">
			<subfield code="a">Terry Pratchett's The fifth elephant /</subfield>
			<subfield code="c">adapted by Stephen Briggs.</subfield>
		</datafield>
		<datafield tag="246" ind1="1" ind2="4">
			<subfield code="a">Fifth elephant</subfield>
		</datafield>
		<datafield tag="260" ind1=" " ind2=" ">
			<subfield code="a">London :</subfield>
			<subfield code="b">Methuen Drama,</subfield>
			<subfield code="c">2002.</subfield>
		</datafield>
		<datafield tag="300" ind1=" " ind2=" ">
			<subfield code="a">ix, 108 p. ;</subfield>
			<subfield code="c">20 cm.</subfield>
		</datafield>
		<datafield tag="650" ind1=" " ind2="0">
			<subfield code="a">Vimes, Samuel (Fictitious character)</subfield>
			<subfield code="v">Drama.</subfield>
		</datafield>
		<datafield tag="650" ind1=" " ind2="0">
			<subfield code="a">Discworld (Imaginary place)</subfield>
			<subfield code="v">Drama.</subfield>
		</datafield>
		<datafield tag="650" ind1=" " ind2="0">
			<subfield code="a">Fantasy drama, English.</subfield>
		</datafield>
		<datafield tag="700" ind1="1" ind2=" ">
			<subfield code="a">Pratchett, Terry.</subfield>
			<subfield code="t">Fifth elephant.</subfield>
		</datafield>
		<datafield tag="923" ind1=" " ind2=" ">
			<subfield code="d">20020416</subfield>
			<subfield code="n">924205</subfield>
			<subfield code="s">Everetts</subfield>
		</datafield>
		<datafield tag="985" ind1=" " ind2=" ">
			<subfield code="e">VENDOR LOAD</subfield>
		</datafield>
	</record>