


	<record>
		<leader>00990cam a22003013a 4500</leader>
		<controlfield tag="001">14514995</controlfield>
		<controlfield tag="005">20060922135841.0</controlfield>
		<controlfield tag="008">060823s2001    enk           000 d eng  </controlfield>
		<datafield tag="906" ind1=" " ind2=" ">
			<subfield code="a">7</subfield>
			<subfield code="b">cbc</subfield>
			<subfield code="c">copycat</subfield>
			<subfield code="d">4</subfield>
			<subfield code="e">ncip</subfield>
			<subfield code="f">20</subfield>
			<subfield code="g">y-gencatlg</subfield>
		</datafield>
		<datafield tag="925" ind1="0" ind2=" ">
			<subfield code="a">acquire</subfield>
			<subfield code="b">1 shelf copies</subfield>
			<subfield code="x">policy default</subfield>
		</datafield>
		<datafield tag="955" ind1=" " ind2=" ">
			<subfield code="a">of23 2006-08-23 z-processor to HLCD</subfield>
			<subfield code="a">nb14 2006-09-22 to Ft. Meade UNASSESSED</subfield>
		</datafield>
		<datafield tag="010" ind1=" " ind2=" ">
			<subfield code="a">  2006455325</subfield>
		</datafield>
		<datafield tag="015" ind1=" " ind2=" ">
			<subfield code="a">GBA1-44721</subfield>
		</datafield>
		<datafield tag="020" ind1=" " ind2=" ">
			<subfield code="a">057301888X</subfield>
		</datafield>
		<datafield tag="035" ind1=" " ind2=" ">
			<subfield code="a">(OCoLC)ocm47776582</subfield>
		</datafield>
		<datafield tag="040" ind1=" " ind2=" ">
			<subfield code="a">UKM</subfield>
			<subfield code="c">UKM</subfield>
			<subfield code="d">OCLCQ</subfield>
			<subfield code="d">DLC</subfield>
		</datafield>
		<datafield tag="050" ind1="0" ind2="0">
			<subfield code="a">MLCS 2006/42896</subfield>
		</datafield>
		<datafield tag="082" ind1="0" ind2="4">
			<subfield code="a">822.914</subfield>
			<subfield code="2">21</subfield>
		</datafield>
		<datafield tag="100" ind1="1" ind2=" ">
			<subfield code="a">Brown, Irana.</subfield>
		</datafield>
		<datafield tag="245" ind1="1" ind2="0">
			<subfield code="a">Terry Pratchett's Lords and ladies /</subfield>
			<subfield code="c">adapted for the stage by Irana Brown.</subfield>
		</datafield>
		<datafield tag="260" ind1=" " ind2=" ">
			<subfield code="a">London :</subfield>
			<subfield code="b">Samuel French,</subfield>
			<subfield code="c">c2001.</subfield>
		</datafield>
		<datafield tag="300" ind1=" " ind2=" ">
			<subfield code="a">87 p. ;</subfield>
			<subfield code="c">22 cm.</subfield>
		</datafield>
		<datafield tag="500" ind1=" " ind2=" ">
			<subfield code="a">Spine title: Lords and ladies.</subfield>
		</datafield>
		<datafield tag="650" ind1=" " ind2="0">
			<subfield code="a">Discworld (Imaginary place)</subfield>
			<subfield code="v">Drama.</subfield>
		</datafield>
		<datafield tag="700" ind1="1" ind2=" ">
			<subfield code="a">Pratchett, Terry.</subfield>
			<subfield code="t">Lords and ladies.</subfield>
		</datafield>
		<datafield tag="740" ind1="0" ind2=" ">
			<subfield code="a">Lords and ladies.</subfield>
		</datafield>
		<datafield tag="923" ind1=" " ind2=" ">
			<subfield code="a">copyright</subfield>
		</datafield>
		<datafield tag="985" ind1=" " ind2=" ">
			<subfield code="e">Reorg 00</subfield>
		</datafield>
	</record>