
 -->
	<!-- 
	<record>
		<leader>01512cam a2200337 a 4500</leader>
		<controlfield tag="001">12461631</controlfield>
		<controlfield tag="005">20130521135205.0</controlfield>
		<controlfield tag="008">010705s2001    nyua   c      000 1 eng  </controlfield>
		<datafield tag="906" ind1=" " ind2=" ">
			<subfield code="a">7</subfield>
			<subfield code="b">cbc</subfield>
			<subfield code="c">orignew</subfield>
			<subfield code="d">1</subfield>
			<subfield code="e">ocip</subfield>
			<subfield code="f">20</subfield>
			<subfield code="g">y-gencatlg</subfield>
		</datafield>
		<datafield tag="925" ind1="0" ind2=" ">
			<subfield code="a">acquire</subfield>
			<subfield code="b">2 shelf copies</subfield>
			<subfield code="x">policy default</subfield>
		</datafield>
		<datafield tag="955" ind1=" " ind2=" ">
			<subfield code="a">pc23 2001-07-05 to HLCD</subfield>
			<subfield code="c">ld03 2001-07-10; to Child. Lit for subj. 07-10-01</subfield>
			<subfield code="d">lb18 2001-07-19</subfield>
			<subfield code="e">lb05 2001-07-20 to cip</subfield>
			<subfield code="a">ps16 2002-01-14 bk rec'd, to CIP ver.;</subfield>
			<subfield code="f">yg05 2002-02-12 to BCCD</subfield>
			<subfield code="a">lb16 2002-10-01 c.2 to BCCD</subfield>
		</datafield>
		<datafield tag="010" ind1=" " ind2=" ">
			<subfield code="a">  2001042411</subfield>
		</datafield>
		<datafield tag="020" ind1=" " ind2=" ">
			<subfield code="a">0060012331</subfield>
		</datafield>
		<datafield tag="040" ind1=" " ind2=" ">
			<subfield code="a">DLC</subfield>
			<subfield code="c">DLC</subfield>
			<subfield code="d">DLC</subfield>
		</datafield>
		<datafield tag="042" ind1=" " ind2=" ">
			<subfield code="a">lcac</subfield>
		</datafield>
		<datafield tag="050" ind1="0" ind2="0">
			<subfield code="a">PZ7.P8865</subfield>
			<subfield code="b">Am 2001</subfield>
		</datafield>
		<datafield tag="082" ind1="0" ind2="0">
			<subfield code="a">[Fic]</subfield>
			<subfield code="2">21</subfield>
		</datafield>
		<datafield tag="100" ind1="1" ind2=" ">
			<subfield code="a">Pratchett, Terry.</subfield>
		</datafield>
		<datafield tag="245" ind1="1" ind2="4">
			<subfield code="a">The amazing Maurice and his educated rodents /</subfield>
			<subfield code="c">Terry Pratchett.</subfield>
		</datafield>
		<datafield tag="250" ind1=" " ind2=" ">
			<subfield code="a">1st ed.</subfield>
		</datafield>
		<datafield tag="260" ind1=" " ind2=" ">
			<subfield code="a">New York :</subfield>
			<subfield code="b">HarperCollins, Publishers,</subfield>
			<subfield code="c">c2001.</subfield>
		</datafield>
		<datafield tag="300" ind1=" " ind2=" ">
			<subfield code="a">241 p. :</subfield>
			<subfield code="b">ill. ;</subfield>
			<subfield code="c">24 cm.</subfield>
		</datafield>
		<datafield tag="520" ind1=" " ind2=" ">
			<subfield code="a">A talking cat, intelligent rats, and a strange boy cooperate in a Pied Piper scam until they try to con the wrong town and are confronted by a deadly evil rat king.</subfield>
		</datafield>
		<datafield tag="650" ind1=" " ind2="1">
			<subfield code="a">Rats</subfield>
			<subfield code="v">Fiction.</subfield>
		</datafield>
		<datafield tag="650" ind1=" " ind2="1">
			<subfield code="a">Cats</subfield>
			<subfield code="v">Fiction.</subfield>
		</datafield>
		<datafield tag="650" ind1=" " ind2="1">
			<subfield code="a">Musicians</subfield>
			<subfield code="v">Fiction.</subfield>
		</datafield>
		<datafield tag="650" ind1=" " ind2="1">
			<subfield code="a">Swindlers and swindling</subfield>
			<subfield code="v">Fiction.</subfield>
		</datafield>
		<datafield tag="650" ind1=" " ind2="1">
			<subfield code="a">Human-animal relationships</subfield>
			<subfield code="v">Fiction.</subfield>
		</datafield>
		<datafield tag="650" ind1=" " ind2="1">
			<subfield code="a">Humorous stories.</subfield>
		</datafield>
		<datafield tag="856" ind1="4" ind2="2">
			<subfield code="3">Publisher description</subfield>
			<subfield code="u">http://www.loc.gov/catdir/description/hc042/2001042411.html</subfield>
		</datafield>
		<datafield tag="856" ind1="4" ind2="2">
			<subfield code="3">Contributor biographical information</subfield>
			<subfield code="u">http://www.loc.gov/catdir/enhancements/fy1306/2001042411-b.html</subfield>
		</datafield>
	</record>