
 -->
	
	<!-- <record>
		<leader>03480cam a2200469 i 4500</leader>
		<controlfield tag="001">19122472</controlfield>
		<controlfield tag="005">20170316165532.0</controlfield>
		<controlfield tag="008">160606s2016    caua     6    000 1 eng  </controlfield>
		<datafield tag="906" ind1=" " ind2=" ">
			<subfield code="a">7</subfield>
			<subfield code="b">cbc</subfield>
			<subfield code="c">orignew</subfield>
			<subfield code="d">1</subfield>
			<subfield code="e">ecip</subfield>
			<subfield code="f">20</subfield>x
			<subfield code="g">y-gencatlg</subfield>
		</datafield>
		<datafield tag="925" ind1="0" ind2=" ">
			<subfield code="a">acquire</subfield>
			<subfield code="b">1 shelf copy</subfield>
			<subfield code="x">policy default</subfield>
		</datafield>
		<datafield tag="955" ind1=" " ind2=" ">
			<subfield code="b">xk14 2016-06-06</subfield>
			<subfield code="i">xk14 2016-06-06 ONIX</subfield>
			<subfield code="w">xk14 2016-06-06 to CIP</subfield>
			<subfield code="a">xn12 2016-08-30 1 copy rec'd., to CIP ver.</subfield>
			<subfield code="f">xk14 2017-03-16 to BCCD</subfield>
		</datafield>
		<datafield tag="010" ind1=" " ind2=" ">
			<subfield code="a">  2016024656</subfield>
		</datafield>
		<datafield tag="020" ind1=" " ind2=" ">
			<subfield code="a">9781401264451 (paperback)</subfield>
		</datafield>
		<datafield tag="040" ind1=" " ind2=" ">
			<subfield code="a">DLC</subfield>
			<subfield code="b">eng</subfield>
			<subfield code="c">DLC</subfield>
			<subfield code="e">rda</subfield>
		</datafield>
		<datafield tag="042" ind1=" " ind2=" ">
			<subfield code="a">pcc</subfield>
		</datafield>
		<datafield tag="050" ind1="0" ind2="0">
			<subfield code="a">PN6728.B36</subfield>
			<subfield code="b">B37736 2016</subfield>
		</datafield>
		<datafield tag="082" ind1="0" ind2="0">
			<subfield code="a">741.5/973</subfield>
			<subfield code="2">23</subfield>
		</datafield>
		<datafield tag="084" ind1=" " ind2=" ">
			<subfield code="a">CGN004080</subfield>
			<subfield code="2">bisacsh</subfield>
		</datafield>
		<datafield tag="245" ind1="0" ind2="0">
			<subfield code="a">Batman Arkham :</subfield>
			<subfield code="b">Poison Ivy.</subfield>
		</datafield>
		<datafield tag="264" ind1=" " ind2="1">
			<subfield code="a">Burbank, CA :</subfield>
			<subfield code="b">DC Comics,</subfield>
			<subfield code="c">[2016]</subfield>
		</datafield>
		<datafield tag="300" ind1=" " ind2=" ">
			<subfield code="a">240 pages, 72 unnumbered pages :</subfield>
			<subfield code="b">color illustrations ;</subfield>
			<subfield code="c">26 cm</subfield>
		</datafield>
		<datafield tag="336" ind1=" " ind2=" ">
			<subfield code="a">text</subfield>
			<subfield code="b">txt</subfield>
			<subfield code="2">rdacontent</subfield>
		</datafield>
		<datafield tag="336" ind1=" " ind2=" ">
			<subfield code="a">still image</subfield>
			<subfield code="2">rdacontent</subfield>
		</datafield>
		<datafield tag="337" ind1=" " ind2=" ">
			<subfield code="a">unmediated</subfield>
			<subfield code="b">n</subfield>
			<subfield code="2">rdamedia</subfield>
		</datafield>
		<datafield tag="338" ind1=" " ind2=" ">
			<subfield code="a">volume</subfield>
			<subfield code="b">nc</subfield>
			<subfield code="2">rdacarrier</subfield>
		</datafield>
		<datafield tag="500" ind1=" " ind2=" ">
			<subfield code="a">"Originally published in single magazine form in BATMAN 181, BATMAN 339, BATMAN: LEGENDS OF THE DARK KNIGHT 42-43, BATMAN: POISON IVY 1, BATMAN: SHADOW OF THE BAT ANNUAL 3, BATMAN VILLAIN SECRET FILES 1, DETECTIVE COMICS 23.1, GOTHAM CITY SIRENS 8, JOKER'S ASYLUM: POISON IVY 1, SECRET ORIGINS 36, THE BATMAN CHRONCILES 9, WHO'S WHO: THE DEFINITIVE DIRECTORY OF THE DC UNIVERSE 18, WHO'S WHO IN THE DC UNIVERSE 5, WORLD'S FINEST COMICS 251-251"</subfield>
		</datafield>
		<datafield tag="520" ind1=" " ind2=" ">
			<subfield code="a">"One of Batman's deadliest enemies, Poison Ivy is an eco-terrorist who obsesses over plant life and utilizes natural toxins as a weapon. Able to pull from her surrounding environment to take down her enemies, Poison Ivy has a lethal advantage. One of Batman's Rogues Gallery, she has been battling the Dark Knight for decades of comics. Either solo or with the help of her best friend, Harley Quinn, Poison Ivy will stop at nothing to get what she wants"-</subfield>
			<subfield code="c">Provided by publisher.</subfield>
		</datafield>
		<datafield tag="505" ind1="0" ind2=" ">
			<subfield code="a">Beware of - Poison Ivy! / writer: Robert Kanigher ; penciller: Sheldon Modoff - A kiss of death time three / writer: Gerry Conway ; penciller: Ric Estrada - A poison of the heart / writer: Gerry Conway ; penciller: Jack Abel - A sweet kiss of poison / writer: Gerry Conway ; penciller: Irv Novick - Pavane / writer: Neil Gaiman ; artist: Mark Buckingham - Hot house, part one / writer: John Francis Moore ; artist: P. Craig Russell - Hot house, part two / writer: John Francis Moore ; artist: P. Craig Russell - Poison Ivy / writer: Alan Grant ; penciller: Brian Apthorp - Poison Ivy / writer: John Francis Moore; penciller: Brian Apthorp - Passion's fruit / writer: Andrew Helfer ; penciller: Cully Hamner - Deflowered / writer: J.T. Krul ; artist: Guillem March - Untitled / plotter/artist: Guillem March ; scripter: Marc Andreyko - The green kingdom / writer: Derek Fridolfs ; artist: Javier Pina.</subfield>
		</datafield>
		<datafield tag="655" ind1=" " ind2="0">
			<subfield code="a">Comic books, strips, etc.</subfield>
		</datafield>
		<datafield tag="650" ind1=" " ind2="7">
			<subfield code="a">COMICS & GRAPHIC NOVELS / Superheroes.</subfield>
			<subfield code="2">bisacsh</subfield>
		</datafield>
		<datafield tag="700" ind1="1" ind2=" ">
			<subfield code="a">Kanigher, Robert,</subfield>
			<subfield code="e">author.</subfield>
		</datafield>
		<datafield tag="700" ind1="1" ind2=" ">
			<subfield code="a">Moldoff, Sheldon,</subfield>
			<subfield code="d">1920-2012,</subfield>
			<subfield code="e">penciller.</subfield>
		</datafield>
		<datafield tag="700" ind1="1" ind2=" ">
			<subfield code="a">Conway, Gerry,</subfield>
			<subfield code="e">author.</subfield>
		</datafield>
		<datafield tag="700" ind1="1" ind2=" ">
			<subfield code="a">Estrada, Ric,</subfield>
			<subfield code="e">penciller.</subfield>
		</datafield>
		<datafield tag="700" ind1="1" ind2=" ">
			<subfield code="a">Abel, Jack,</subfield>
			<subfield code="d">1927-1996,</subfield>
			<subfield code="e">penciller.</subfield>
		</datafield>
		<datafield tag="700" ind1="1" ind2=" ">
			<subfield code="a">Novick, Irv,</subfield>
			<subfield code="e">penciller.</subfield>
		</datafield>
		<datafield tag="700" ind1="1" ind2=" ">
			<subfield code="a">Gaiman, Neil,</subfield>
			<subfield code="e">author.</subfield>
		</datafield>
		<datafield tag="700" ind1="1" ind2=" ">
			<subfield code="a">Buckingham, Mark,</subfield>
			<subfield code="e">artist.</subfield>
		</datafield>
		<datafield tag="700" ind1="1" ind2=" ">
			<subfield code="a">Moore, John Francis,</subfield>
			<subfield code="e">author.</subfield>
		</datafield>
		<datafield tag="700" ind1="1" ind2=" ">
			<subfield code="a">Russell, P. Craig,</subfield>
			<subfield code="e">artist.</subfield>
		</datafield>
		<datafield tag="700" ind1="1" ind2=" ">
			<subfield code="a">Grant, Alan,</subfield>
			<subfield code="d">1949-</subfield>
			<subfield code="e">author.</subfield>
		</datafield>
		<datafield tag="700" ind1="1" ind2=" ">
			<subfield code="a">Apthorp, Brian,</subfield>
			<subfield code="e">penciller.</subfield>
		</datafield>
	</record>