
 -->

<!-- 
	<record>
		<leader>01486cas a2200421 a 4500</leader>
		<controlfield tag="001">15843477</controlfield>
		<controlfield tag="005">20160401092517.0</controlfield>
		<controlfield tag="008">090730d19901991nyuuu p       0   a0eng  </controlfield>
		<datafield tag="010" ind1=" " ind2=" ">
			<subfield code="a">  2009271670</subfield>
		</datafield>
		<datafield tag="022" ind1="0" ind2=" ">
			<subfield code="a">2152-3576</subfield>
			<subfield code="l">2152-3576</subfield>
			<subfield code="2">1</subfield>
		</datafield>
		<datafield tag="035" ind1=" " ind2=" ">
			<subfield code="a">(OCoLC)ocn472477170</subfield>
		</datafield>
		<datafield tag="040" ind1=" " ind2=" ">
			<subfield code="a">DLC</subfield>
			<subfield code="b">eng</subfield>
			<subfield code="c">DLC</subfield>
			<subfield code="d">OCLCQ</subfield>
			<subfield code="d">OCLCF</subfield>
		</datafield>
		<datafield tag="042" ind1=" " ind2=" ">
			<subfield code="a">pcc</subfield>
			<subfield code="a">nsdp</subfield>
		</datafield>
		<datafield tag="050" ind1="0" ind2="0">
			<subfield code="a">Comic Book 06272</subfield>
		</datafield>
		<datafield tag="050" ind1="1" ind2="0">
			<subfield code="a">PN6728.B625</subfield>
		</datafield>
		<datafield tag="082" ind1="1" ind2="0">
			<subfield code="a">741.5</subfield>
			<subfield code="2">14</subfield>
		</datafield>
		<datafield tag="222" ind1=" " ind2="4">
			<subfield code="a">The books of magic</subfield>
			<subfield code="b">(1990)</subfield>
		</datafield>
		<datafield tag="245" ind1="0" ind2="4">
			<subfield code="a">The books of magic.</subfield>
		</datafield>
		<datafield tag="260" ind1=" " ind2=" ">
			<subfield code="a">New York, NY :</subfield>
			<subfield code="b">DC Comics,</subfield>
			<subfield code="c">1990-1991.</subfield>
		</datafield>
		<datafield tag="300" ind1=" " ind2=" ">
			<subfield code="a">4 no. :</subfield>
			<subfield code="b">col. ill. ;</subfield>
			<subfield code="c">26 cm.</subfield>
		</datafield>
		<datafield tag="362" ind1="0" ind2=" ">
			<subfield code="a">Bk. 1 (1990)-bk. 4 (1991).</subfield>
		</datafield>
		<datafield tag="500" ind1=" " ind2=" ">
			<subfield code="a">Title from indicia.</subfield>
		</datafield>
		<datafield tag="500" ind1=" " ind2=" ">
			<subfield code="a">Created by Neil Gaiman (writer) and John Bolton (illustrator).</subfield>
		</datafield>
		<datafield tag="650" ind1=" " ind2="0">
			<subfield code="a">Magic</subfield>
			<subfield code="v">Comic books, strips, etc.</subfield>
		</datafield>
		<datafield tag="650" ind1=" " ind2="0">
			<subfield code="a">Wizards</subfield>
			<subfield code="v">Comic books, strips, etc.</subfield>
		</datafield>
		<datafield tag="650" ind1=" " ind2="0">
			<subfield code="a">Occultism</subfield>
			<subfield code="v">Comic books, strips, etc.</subfield>
		</datafield>
		<datafield tag="650" ind1=" " ind2="7">
			<subfield code="a">Magic.</subfield>
			<subfield code="2">fast</subfield>
			<subfield code="0">(OCoLC)fst01005468</subfield>
		</datafield>
		<datafield tag="650" ind1=" " ind2="7">
			<subfield code="a">Occultism.</subfield>
			<subfield code="2">fast</subfield>
			<subfield code="0">(OCoLC)fst01043123</subfield>
		</datafield>
		<datafield tag="650" ind1=" " ind2="7">
			<subfield code="a">Wizards.</subfield>
			<subfield code="2">fast</subfield>
			<subfield code="0">(OCoLC)fst01176452</subfield>
		</datafield>
		<datafield tag="655" ind1=" " ind2="0">
			<subfield code="a">Fantasy comic books, strips, etc.</subfield>
		</datafield>
		<datafield tag="655" ind1=" " ind2="7">
			<subfield code="a">Comic books, strips, etc.</subfield>
			<subfield code="2">fast</subfield>
			<subfield code="0">(OCoLC)fst01423722</subfield>
		</datafield>
		<datafield tag="655" ind1=" " ind2="7">
			<subfield code="a">Fantasy comic books, strips, etc.</subfield>
			<subfield code="2">fast</subfield>
			<subfield code="0">(OCoLC)fst01726606</subfield>
		</datafield>
		<datafield tag="700" ind1="1" ind2=" ">
			<subfield code="a">Gaiman, Neil.</subfield>
		</datafield>
		<datafield tag="700" ind1="1" ind2=" ">
			<subfield code="a">Bolton, John,</subfield>
			<subfield code="d">1951-</subfield>
		</datafield>
		<datafield tag="850" ind1=" " ind2=" ">
			<subfield code="a">DLC</subfield>
		</datafield>
		<datafield tag="906" ind1=" " ind2=" ">
			<subfield code="a">7</subfield>
			<subfield code="b">cbc</subfield>
			<subfield code="c">serials</subfield>
			<subfield code="d">u</subfield>
			<subfield code="e">ncip</subfield>
			<subfield code="f">20</subfield>
			<subfield code="g">n-oclcserc</subfield>
		</datafield>
		<datafield tag="925" ind1="0" ind2=" ">
			<subfield code="a">Acquire</subfield>
			<subfield code="b">1 shelf copy</subfield>
			<subfield code="x">policy default 2009-07-30</subfield>
		</datafield>
		<datafield tag="955" ind1=" " ind2=" ">
			<subfield code="i">rj08 2009-12-03</subfield>
			<subfield code="k">rj08 2009-12-03</subfield>
		</datafield>
	</record>