


	<record>
		<leader>02013cas a2200517 a 4500</leader>
		<controlfield tag="001">15777189</controlfield>
		<controlfield tag="005">20160331085538.0</controlfield>
		<controlfield tag="008">060324d20042005nyumr p       0   a0eng  </controlfield>
		<datafield tag="010" ind1=" " ind2=" ">
			<subfield code="a">  2009218982</subfield>
		</datafield>
		<datafield tag="022" ind1="0" ind2=" ">
			<subfield code="a">2152-3614</subfield>
			<subfield code="l">2152-3614</subfield>
			<subfield code="2">1</subfield>
		</datafield>
		<datafield tag="035" ind1=" " ind2=" ">
			<subfield code="a">(OCoLC)ocm65199331 </subfield>
		</datafield>
		<datafield tag="040" ind1=" " ind2=" ">
			<subfield code="a">EEM</subfield>
			<subfield code="b">eng</subfield>
			<subfield code="c">EEM</subfield>
			<subfield code="d">DLC</subfield>
			<subfield code="d">OCLCQ</subfield>
			<subfield code="d">DLC</subfield>
			<subfield code="d">OCLCO</subfield>
			<subfield code="d">OCLCF</subfield>
		</datafield>
		<datafield tag="042" ind1=" " ind2=" ">
			<subfield code="a">pcc</subfield>
			<subfield code="a">nsdp</subfield>
		</datafield>
		<datafield tag="050" ind1="0" ind2="0">
			<subfield code="a">Comic Book 05369</subfield>
		</datafield>
		<datafield tag="050" ind1="1" ind2="0">
			<subfield code="a">PN6728.B625</subfield>
		</datafield>
		<datafield tag="082" ind1="1" ind2="0">
			<subfield code="a">741.5</subfield>
			<subfield code="2">14</subfield>
		</datafield>
		<datafield tag="222" ind1=" " ind2="0">
			<subfield code="a">Books of magick. Life during wartime</subfield>
		</datafield>
		<datafield tag="245" ind1="0" ind2="0">
			<subfield code="a">Books of magick.</subfield>
			<subfield code="p">Life during wartime.</subfield>
		</datafield>
		<datafield tag="246" ind1="3" ind2="0">
			<subfield code="a">Life during wartime</subfield>
		</datafield>
		<datafield tag="260" ind1=" " ind2=" ">
			<subfield code="a">New York, NY :</subfield>
			<subfield code="b">DC Comics,</subfield>
			<subfield code="c">2004-2005.</subfield>
		</datafield>
		<datafield tag="300" ind1=" " ind2=" ">
			<subfield code="a">15 no. :</subfield>
			<subfield code="b">col. ill. ;</subfield>
			<subfield code="c">26 cm.</subfield>
		</datafield>
		<datafield tag="310" ind1=" " ind2=" ">
			<subfield code="a">Monthly</subfield>
		</datafield>
		<datafield tag="362" ind1="0" ind2=" ">
			<subfield code="a">No. 1 (Sept. 2004)-no. 15 (Dec. 2005).</subfield>
		</datafield>
		<datafield tag="500" ind1=" " ind2=" ">
			<subfield code="a">Title from indicia.</subfield>
		</datafield>
		<datafield tag="500" ind1=" " ind2=" ">
			<subfield code="a">Further adventures of Timothy Hunter from the Books of magic.</subfield>
		</datafield>
		<datafield tag="500" ind1=" " ind2=" ">
			<subfield code="a">From a story by Neil Gaiman and Si Spencer.</subfield>
		</datafield>
		<datafield tag="600" ind1="1" ind2="0">
			<subfield code="a">Constantine, John</subfield>
			<subfield code="c">(Fictitious character)</subfield>
			<subfield code="v">Comic books, strips, etc.</subfield>
		</datafield>
		<datafield tag="600" ind1="1" ind2="7">
			<subfield code="a">Constantine, John</subfield>
			<subfield code="c">(Fictitious character)</subfield>
			<subfield code="2">fast</subfield>
			<subfield code="0">(OCoLC)fst00875732</subfield>
		</datafield>
		<datafield tag="650" ind1=" " ind2="0">
			<subfield code="a">Magic</subfield>
			<subfield code="v">Comic books, strips, etc.</subfield>
		</datafield>
		<datafield tag="650" ind1=" " ind2="0">
			<subfield code="a">Wizards</subfield>
			<subfield code="v">Comic books, strips, etc.</subfield>
		</datafield>
		<datafield tag="650" ind1=" " ind2="0">
			<subfield code="a">Occultism</subfield>
			<subfield code="v">Comic books, strips, etc.</subfield>
		</datafield>
		<datafield tag="650" ind1=" " ind2="7">
			<subfield code="a">Magic.</subfield>
			<subfield code="2">fast</subfield>
			<subfield code="0">(OCoLC)fst01005468</subfield>
		</datafield>
		<datafield tag="650" ind1=" " ind2="7">
			<subfield code="a">Occultism.</subfield>
			<subfield code="2">fast</subfield>
			<subfield code="0">(OCoLC)fst01043123</subfield>
		</datafield>
		<datafield tag="650" ind1=" " ind2="7">
			<subfield code="a">Wizards.</subfield>
			<subfield code="2">fast</subfield>
			<subfield code="0">(OCoLC)fst01176452</subfield>
		</datafield>
		<datafield tag="653" ind1="2" ind2=" ">
			<subfield code="a">Zatanna (Fictitious character)</subfield>
		</datafield>
		<datafield tag="655" ind1=" " ind2="0">
			<subfield code="a">Fantasy comic books, strips, etc.</subfield>
		</datafield>
		<datafield tag="655" ind1=" " ind2="0">
			<subfield code="a">Horror comic books, strips, etc.</subfield>
		</datafield>
		<datafield tag="655" ind1=" " ind2="7">
			<subfield code="a">Comic books, strips, etc.</subfield>
			<subfield code="2">fast</subfield>
			<subfield code="0">(OCoLC)fst01423722</subfield>
		</datafield>
		<datafield tag="655" ind1=" " ind2="7">
			<subfield code="a">Fantasy comic books, strips, etc.</subfield>
			<subfield code="2">fast</subfield>
			<subfield code="0">(OCoLC)fst01726606</subfield>
		</datafield>
		<datafield tag="655" ind1=" " ind2="7">
			<subfield code="a">Horror comic books, strips, etc.</subfield>
			<subfield code="2">fast</subfield>
			<subfield code="0">(OCoLC)fst01726643</subfield>
		</datafield>
		<datafield tag="700" ind1="1" ind2=" ">
			<subfield code="a">Gaiman, Neil.</subfield>
		</datafield>
		<datafield tag="700" ind1="1" ind2=" ">
			<subfield code="a">Spencer, Si.</subfield>
		</datafield>
		<datafield tag="850" ind1=" " ind2=" ">
			<subfield code="a">DLC</subfield>
		</datafield>
		<datafield tag="906" ind1=" " ind2=" ">
			<subfield code="a">7</subfield>
			<subfield code="b">cbc</subfield>
			<subfield code="c">serials</subfield>
			<subfield code="d">2</subfield>
			<subfield code="e">ncip</subfield>
			<subfield code="f">20</subfield>
			<subfield code="g">n-oclcserc</subfield>
		</datafield>
		<datafield tag="925" ind1="0" ind2=" ">
			<subfield code="a">Acquire</subfield>
			<subfield code="b">1 shelf copy</subfield>
			<subfield code="x">policy default 2009-06-16</subfield>
		</datafield>
		<datafield tag="955" ind1=" " ind2=" ">
			<subfield code="a">sr02 2009-06-16</subfield>
			<subfield code="d">rj08 2009-12-03</subfield>
			<subfield code="k">rj08 2009-12-03</subfield>
		</datafield>
	</record>