


	<record>
		<leader>02267cam a22005297i 4500</leader>
		<controlfield tag="001">19782158</controlfield>
		<controlfield tag="005">20180405142329.0</controlfield>
		<controlfield tag="008">170712s1990    nyua          000 0 eng d</controlfield>
		<datafield tag="906" ind1=" " ind2=" ">
			<subfield code="a">0</subfield>
			<subfield code="b">ibc</subfield>
			<subfield code="c">copycat</subfield>
			<subfield code="d">2</subfield>
			<subfield code="e">ncip</subfield>
			<subfield code="f">20</subfield>
			<subfield code="g">y-gencatlg</subfield>
		</datafield>
		<datafield tag="925" ind1="0" ind2=" ">
			<subfield code="a">acquire</subfield>
			<subfield code="b">1 shelf copy</subfield>
			<subfield code="x">policy default</subfield>
		</datafield>
		<datafield tag="955" ind1=" " ind2=" ">
			<subfield code="b">rk21 2017-07-12 z-processor</subfield>
			<subfield code="i">rk21 2018-04-04 to Dewey</subfield>
		</datafield>
		<datafield tag="010" ind1=" " ind2=" ">
			<subfield code="a">  2017385407</subfield>
		</datafield>
		<datafield tag="020" ind1=" " ind2=" ">
			<subfield code="a">9780874160970 (pbk.)</subfield>
		</datafield>
		<datafield tag="020" ind1=" " ind2=" ">
			<subfield code="a">0874160979 (pbk.)</subfield>
		</datafield>
		<datafield tag="035" ind1=" " ind2=" ">
			<subfield code="a">(OCoLC)ocm22268703</subfield>
		</datafield>
		<datafield tag="040" ind1=" " ind2=" ">
			<subfield code="a">NDD</subfield>
			<subfield code="b">eng</subfield>
			<subfield code="e">rda</subfield>
			<subfield code="c">NDD</subfield>
			<subfield code="d">VHB</subfield>
			<subfield code="d">OCL</subfield>
			<subfield code="d">OCLCQ</subfield>
			<subfield code="d">OCLCG</subfield>
			<subfield code="d">YDXCP</subfield>
			<subfield code="d">OCLCQ</subfield>
			<subfield code="d">OCLCF</subfield>
			<subfield code="d">OCLCQ</subfield>
			<subfield code="d">OCLCO</subfield>
			<subfield code="d">OCL</subfield>
			<subfield code="d">DLC</subfield>
		</datafield>
		<datafield tag="042" ind1=" " ind2=" ">
			<subfield code="a">lccopycat</subfield>
		</datafield>
		<datafield tag="050" ind1="0" ind2="0">
			<subfield code="a">NX650.B47</subfield>
			<subfield code="b">B74 1990</subfield>
		</datafield>
		<datafield tag="130" ind1="0" ind2=" ">
			<subfield code="a">Breakthrough (Catalan Communications)</subfield>
		</datafield>
		<datafield tag="245" ind1="0" ind2="0">
			<subfield code="a">Breakthrough /</subfield>
			<subfield code="c">Bilal, Gaiman, Gibbons, Manara, McKean, Moebius, Sienkiewicz & others ; edited by P. Christin & A.C. Knigge.</subfield>
		</datafield>
		<datafield tag="250" ind1=" " ind2=" ">
			<subfield code="a">First Catalan Communications edition.</subfield>
		</datafield>
		<datafield tag="260" ind1=" " ind2=" ">
			<subfield code="a">New York :</subfield>
			<subfield code="b">Catalan Communications,</subfield>
			<subfield code="c">1990.</subfield>
		</datafield>
		<datafield tag="300" ind1=" " ind2=" ">
			<subfield code="a">79 pages :</subfield>
			<subfield code="b">illustrations (some color) ;</subfield>
			<subfield code="c">30 cm</subfield>
		</datafield>
		<datafield tag="336" ind1=" " ind2=" ">
			<subfield code="a">text</subfield>
			<subfield code="b">txt</subfield>
			<subfield code="2">rdacontent</subfield>
		</datafield>
		<datafield tag="337" ind1=" " ind2=" ">
			<subfield code="a">unmediated</subfield>
			<subfield code="b">n</subfield>
			<subfield code="2">rdamedia</subfield>
		</datafield>
		<datafield tag="338" ind1=" " ind2=" ">
			<subfield code="a">volume</subfield>
			<subfield code="b">nc</subfield>
			<subfield code="2">rdacarrier</subfield>
		</datafield>
		<datafield tag="505" ind1="2" ind2=" ">
			<subfield code="a">Ilona Kiss -Once there were walls... / Pierre Christin - Bill Sienkiewicz - Them / Matthias Schultheiss.</subfield>
		</datafield>
		<datafield tag="650" ind1=" " ind2="0">
			<subfield code="a">Berlin Wall, Berlin, Germany, 1961-1989, in art.</subfield>
		</datafield>
		<datafield tag="650" ind1=" " ind2="0">
			<subfield code="a">German reunification question (1949-1990) in art.</subfield>
		</datafield>
		<datafield tag="651" ind1=" " ind2="0">
			<subfield code="a">Germany</subfield>
			<subfield code="x">History</subfield>
			<subfield code="v">Caricatures and cartoons.</subfield>
		</datafield>
		<datafield tag="611" ind1="2" ind2="7">
			<subfield code="a">Berlin Wall (Germany :</subfield>
			<subfield code="d">1961-1989)</subfield>
			<subfield code="2">fast</subfield>
			<subfield code="0">(OCoLC)fst01709753</subfield>
		</datafield>
		<datafield tag="611" ind1="2" ind2="7">
			<subfield code="a">German reunification question</subfield>
			<subfield code="d">(1949-1990)</subfield>
			<subfield code="2">fast</subfield>
			<subfield code="0">(OCoLC)fst00941961</subfield>
		</datafield>
		<datafield tag="651" ind1=" " ind2="7">
			<subfield code="a">Germany.</subfield>
			<subfield code="2">fast</subfield>
			<subfield code="0">(OCoLC)fst01210272</subfield>
		</datafield>
		<datafield tag="648" ind1=" " ind2="7">
			<subfield code="a">1949-1990</subfield>
			<subfield code="2">fast</subfield>
		</datafield>
		<datafield tag="655" ind1=" " ind2="7">
			<subfield code="a">Caricatures and cartoons.</subfield>
			<subfield code="2">fast</subfield>
			<subfield code="0">(OCoLC)fst01423691</subfield>
		</datafield>
		<datafield tag="655" ind1=" " ind2="7">
			<subfield code="a">History.</subfield>
			<subfield code="2">fast</subfield>
			<subfield code="0">(OCoLC)fst01411628</subfield>
		</datafield>
		<datafield tag="700" ind1="1" ind2=" ">
			<subfield code="a">Bilal, Enki.</subfield>
		</datafield>
		<datafield tag="700" ind1="1" ind2=" ">
			<subfield code="a">Gaiman, Neil.</subfield>
		</datafield>
		<datafield tag="700" ind1="1" ind2=" ">
			<subfield code="a">Gibbons, Dave,</subfield>
			<subfield code="d">1949-</subfield>
		</datafield>
		<datafield tag="700" ind1="1" ind2=" ">
			<subfield code="a">Manara, Milo.</subfield>
		</datafield>
		<datafield tag="700" ind1="1" ind2=" ">
			<subfield code="a">McKean, Dave.</subfield>
		</datafield>
		<datafield tag="700" ind1="1" ind2=" ">
			<subfield code="a">Moebius, Jean Giraud.</subfield>
		</datafield>
		<datafield tag="700" ind1="1" ind2=" ">
			<subfield code="a">Sienkiewicz, Bill.</subfield>
		</datafield>
		<datafield tag="700" ind1="1" ind2=" ">
			<subfield code="a">Christin, Pierre,</subfield>
			<subfield code="e">editor.</subfield>
		</datafield>
		<datafield tag="700" ind1="1" ind2=" ">
			<subfield code="a">Knigge, Andreas C.,</subfield>
			<subfield code="d">1957-</subfield>
			<subfield code="e">editor.</subfield>
		</datafield>
		<datafield tag="776" ind1="0" ind2="8">
			<subfield code="i">Online version:</subfield>
			<subfield code="t">Breakthrough.</subfield>
			<subfield code="b">1st Catalan Communications ed.</subfield>
			<subfield code="d">New York : Catalan Communications, 1990</subfield>
			<subfield code="w">(OCoLC)988328035</subfield>
		</datafield>
	</record>