
 -->

<!-- 
	<record>
		<leader>03857cam a2200505 i 4500</leader>
		<controlfield tag="001">20181767</controlfield>
		<controlfield tag="005">20171213144629.0</controlfield>
		<controlfield tag="008">171209s2017    caua     6    000 1 eng  </controlfield>
		<datafield tag="906" ind1=" " ind2=" ">
			<subfield code="a">7</subfield>
			<subfield code="b">cbc</subfield>
			<subfield code="c">origres</subfield>
			<subfield code="d">2</subfield>
			<subfield code="e">ncip</subfield>
			<subfield code="f">20</subfield>
			<subfield code="g">y-gencatlg</subfield>
		</datafield>
		<datafield tag="925" ind1="0" ind2=" ">
			<subfield code="a">acquire</subfield>
			<subfield code="b">1 shelf copy</subfield>
			<subfield code="x">policy default</subfield>
		</datafield>
		<datafield tag="955" ind1=" " ind2=" ">
			<subfield code="b">xn08 2017-12-09 z-processor</subfield>
			<subfield code="i">xk14 2017-12-13</subfield>
			<subfield code="w">xk14 2017-12-13 to BCCD</subfield>
		</datafield>
		<datafield tag="010" ind1=" " ind2=" ">
			<subfield code="a">  2017289303</subfield>
		</datafield>
		<datafield tag="020" ind1=" " ind2=" ">
			<subfield code="a">9781401267872</subfield>
			<subfield code="q">(paperback)</subfield>
		</datafield>
		<datafield tag="020" ind1=" " ind2=" ">
			<subfield code="a">1401267874</subfield>
			<subfield code="q">(paperback)</subfield>
		</datafield>
		<datafield tag="040" ind1=" " ind2=" ">
			<subfield code="a">DLC</subfield>
			<subfield code="c">DLC</subfield>
		</datafield>
		<datafield tag="042" ind1=" " ind2=" ">
			<subfield code="a">pcc</subfield>
		</datafield>
		<datafield tag="050" ind1="0" ind2="0">
			<subfield code="a">PN6728.C565</subfield>
			<subfield code="b">F74 2017</subfield>
		</datafield>
		<datafield tag="082" ind1="0" ind2="0">
			<subfield code="a">741.5/973</subfield>
			<subfield code="2">23</subfield>
		</datafield>
		<datafield tag="245" ind1="0" ind2="0">
			<subfield code="a">Free Country :</subfield>
			<subfield code="b">a tale of the Children's Crusade /</subfield>
			<subfield code="c">Act One, writer: Neil Gaiman ; penciller: Chris Bachalo ; inker: Mike Barreiro ; colorist: Daniel Vozzo ; letterer: John Costanza ; Act Two, writers: Toby Litt & Rachel Pollack ; artists: Peter Gross & Al Davison ; colorist: Jeanne McGee ; letterer: Todd Klein ; Act Three, writers: Neil Gaiman, Alisa Kwitney, Jamie Delano & Toby Litt ; artists: Peter Snejberg & Peter Gross ; colorists: Daniel Vozzo & Jeanne McGee ; letterers: John Costanza & Todd Klein ; cover art: Mark Buckingham ; cover color: D'Israeli.</subfield>
		</datafield>
		<datafield tag="264" ind1=" " ind2="1">
			<subfield code="a">Burbank, CA :</subfield>
			<subfield code="b">DC Comics/Vertigo,</subfield>
			<subfield code="c">2017.</subfield>
		</datafield>
		<datafield tag="300" ind1=" " ind2=" ">
			<subfield code="a">1 volume (unpaged) :</subfield>
			<subfield code="b">color illustrations ;</subfield>
			<subfield code="c">26 cm</subfield>
		</datafield>
		<datafield tag="336" ind1=" " ind2=" ">
			<subfield code="a">text</subfield>
			<subfield code="b">txt</subfield>
			<subfield code="2">rdacontent</subfield>
		</datafield>
		<datafield tag="336" ind1=" " ind2=" ">
			<subfield code="a">still image</subfield>
			<subfield code="b">sti</subfield>
			<subfield code="2">rdacontent</subfield>
		</datafield>
		<datafield tag="337" ind1=" " ind2=" ">
			<subfield code="a">unmediated</subfield>
			<subfield code="b">n</subfield>
			<subfield code="2">rdamedia</subfield>
		</datafield>
		<datafield tag="338" ind1=" " ind2=" ">
			<subfield code="a">volume</subfield>
			<subfield code="b">nc</subfield>
			<subfield code="2">rdacarrier</subfield>
		</datafield>
		<datafield tag="500" ind1=" " ind2=" ">
			<subfield code="a">"Originally published in single magazine form as The Children's Crusade 1 & 2"-Title page verso.</subfield>
		</datafield>
		<datafield tag="520" ind1=" " ind2=" ">
			<subfield code="a">"When several children go missing in a small English hamlet, the Dead Boy Detectives are on the case. A series of strange and unexpected twists take them to Free Country, a place that dates back a millennia, where children never grow old and are free from the abuse and tyranny of adults. But Free Country is failing and what it needs is the strength of five innately powerful children-one of whom is sorcerer Timothy Hunter-to restore their uncanny world to what it once was. This complete edition features Neil Gaiman's original THE CHILDREN'S CRUSADE #1, with artists Chris Bachalo and Mike Barreiro, along with THE CHILDREN'S CRUSADE #2 with writers Alisa Kwitney and Jamie Delano and artist Peter Snejbjerg. A brand-new middle act, written by DEAD BOY DETECTIVES writer Toby Litt, and drawn by THE BOOKS OF MAGIC artist extraodinaire Peter Gross, fully completes this compelling tale of ancient history, stolen dreams and lost children, in a way Neil Gaiman originally envisioned. Also featuring an introduction by Gaiman, and exquisite new cover art by DEAD BOY DETECTIVES artist Mark Buckingham."-Page [4] of cover.</subfield>
		</datafield>
		<datafield tag="505" ind1="0" ind2=" ">
			<subfield code="a">Act one / writer: Neil Gaiman ; artist: Chris Bachalo ; inker: Mike Barreiro ; colorist: Daniel Vozzo ; letterer: John Costanza - Act two / writer: Toby Litt ; artist: Peter Gross ; colorist: Jeanne McGee ; letterer: Todd Klein - Act three / writers: Neil Gaiman, Alisa Kwitney, Jamie Delano & Toby Litt ; artists: Peter Snejbjerg & Peter Gross ; colorist: Daniel Vozzo & Jeanne McGee ; letterer: John Costanza & Todd Klein.</subfield>
		</datafield>
		<datafield tag="521" ind1="8" ind2=" ">
			<subfield code="a">Suggested for mature readers.</subfield>
		</datafield>
		<datafield tag="700" ind1="1" ind2=" ">
			<subfield code="a">Gaiman, Neil,</subfield>
			<subfield code="e">author.</subfield>
		</datafield>
		<datafield tag="700" ind1="1" ind2=" ">
			<subfield code="a">Litt, Toby,</subfield>
			<subfield code="d">1968-</subfield>
			<subfield code="e">author.</subfield>
		</datafield>
		<datafield tag="700" ind1="1" ind2=" ">
			<subfield code="a">Pollack, Rachel,</subfield>
			<subfield code="d">1945-</subfield>
			<subfield code="e">author.</subfield>
		</datafield>
		<datafield tag="700" ind1="1" ind2=" ">
			<subfield code="a">Kwitney, Alisa,</subfield>
			<subfield code="d">1964-</subfield>
			<subfield code="e">author.</subfield>
		</datafield>
		<datafield tag="700" ind1="1" ind2=" ">
			<subfield code="a">Delano, Jamie,</subfield>
			<subfield code="e">author.</subfield>
		</datafield>
		<datafield tag="700" ind1="1" ind2=" ">
			<subfield code="a">Bachalo, Chris,</subfield>
			<subfield code="e">penciller.</subfield>
		</datafield>
		<datafield tag="700" ind1="1" ind2=" ">
			<subfield code="a">Barreiro, Mike,</subfield>
			<subfield code="e">inker.</subfield>
		</datafield>
		<datafield tag="700" ind1="1" ind2=" ">
			<subfield code="a">Vozzo, Danny,</subfield>
			<subfield code="e">colourist.</subfield>
		</datafield>
		<datafield tag="700" ind1="1" ind2=" ">
			<subfield code="a">McGee, Jeanne,</subfield>
			<subfield code="d">1965-</subfield>
			<subfield code="e">colourist.</subfield>
		</datafield>
		<datafield tag="700" ind1="1" ind2=" ">
			<subfield code="a">Costanza, John,</subfield>
			<subfield code="e">letterer.</subfield>
		</datafield>
		<datafield tag="700" ind1="1" ind2=" ">
			<subfield code="a">Snejbjerg, Peter,</subfield>
			<subfield code="e">artist.</subfield>
		</datafield>
		<datafield tag="700" ind1="1" ind2=" ">
			<subfield code="a">Gross, Peter,</subfield>
			<subfield code="d">1958-</subfield>
			<subfield code="e">artist.</subfield>
		</datafield>
		<datafield tag="700" ind1="1" ind2=" ">
			<subfield code="a">Davison, Al,</subfield>
			<subfield code="d">1960-</subfield>
			<subfield code="e">artist.</subfield>
		</datafield>
		<datafield tag="700" ind1="1" ind2=" ">
			<subfield code="a">Klein, Todd,</subfield>
			<subfield code="e">letterer.</subfield>
		</datafield>
		<datafield tag="700" ind1="1" ind2=" ">
			<subfield code="a">Buckingham, Mark,</subfield>
			<subfield code="e">artist.</subfield>
		</datafield>
		<datafield tag="700" ind1="0" ind2=" ">
			<subfield code="a">D'Israeli,</subfield>
			<subfield code="e">colourist.</subfield>
		</datafield>
	</record>