


	<record>
		<leader>03203cam a2200517 i 4500</leader>
		<controlfield tag="001">18692322</controlfield>
		<controlfield tag="005">20171024084011.0</controlfield>
		<controlfield tag="008">150709s2015    caua     6    000 1 eng  </controlfield>
		<datafield tag="906" ind1=" " ind2=" ">
			<subfield code="a">7</subfield>
			<subfield code="b">cbc</subfield>
			<subfield code="c">orignew</subfield>
			<subfield code="d">1</subfield>
			<subfield code="e">ecip</subfield>
			<subfield code="f">20</subfield>
			<subfield code="g">y-gencatlg</subfield>
		</datafield>
		<datafield tag="925" ind1="0" ind2=" ">
			<subfield code="a">acquire</subfield>
			<subfield code="b">1 shelf copy</subfield>
			<subfield code="x">policy default</subfield>
		</datafield>
		<datafield tag="955" ind1=" " ind2=" ">
			<subfield code="b">xk14 2015-07-09</subfield>
			<subfield code="i">xk14 2015-07-09 ONIX holding</subfield>
			<subfield code="w">xk14 2015-07-15 to CIP</subfield>
			<subfield code="a">xn05 2015-10-08 1 copy rec'd., to CIP ver.</subfield>
			<subfield code="f">xk18 2017-03-22 to CALM</subfield>
		</datafield>
		<datafield tag="010" ind1=" " ind2=" ">
			<subfield code="a">  2015026884</subfield>
		</datafield>
		<datafield tag="020" ind1=" " ind2=" ">
			<subfield code="a">9781401242411 (hardback)</subfield>
		</datafield>
		<datafield tag="040" ind1=" " ind2=" ">
			<subfield code="a">DLC</subfield>
			<subfield code="b">eng</subfield>
			<subfield code="c">DLC</subfield>
			<subfield code="e">rda</subfield>
			<subfield code="d">DLC</subfield>
		</datafield>
		<datafield tag="042" ind1=" " ind2=" ">
			<subfield code="a">pcc</subfield>
		</datafield>
		<datafield tag="050" ind1="0" ind2="0">
			<subfield code="a">PN6728.C565</subfield>
			<subfield code="b">F74 2015</subfield>
		</datafield>
		<datafield tag="082" ind1="0" ind2="0">
			<subfield code="a">741.5/973</subfield>
			<subfield code="2">23</subfield>
		</datafield>
		<datafield tag="084" ind1=" " ind2=" ">
			<subfield code="a">CGN004030</subfield>
			<subfield code="2">bisacsh</subfield>
		</datafield>
		<datafield tag="245" ind1="0" ind2="0">
			<subfield code="a">Free Country :</subfield>
			<subfield code="b">a tale of the Children's Crusade /</subfield>
			<subfield code="c">Act One, writer: Neil Gaiman ; penciller: Chris Bachalo ; inker: Mike Barreiro ; colorist: Daniel Vozzo ; letterer: John Costanza ; Act Two, writers: Toby Litt & Rachel Pollack; artists: Peter Gross & Al Davison; colorist: Jeanne McGee ; letterer: Todd Klein ; Act Three, writers: Neil Gaiman, Alisa Kwitney, Jamie Delano & Toby Litt ; artists: Peter Snejbjerg & Peter Gross ; colorists: Daniel Vozzo & Jeanne McGee ; letterers: John Costanza & Todd Klein ; cover art: Mark Buckingham; cover color: D'Israeli.</subfield>
		</datafield>
		<datafield tag="264" ind1=" " ind2="1">
			<subfield code="a">Burbank, CA :</subfield>
			<subfield code="b">DC Comics/Vertigo,</subfield>
			<subfield code="c">[2015]</subfield>
		</datafield>
		<datafield tag="300" ind1=" " ind2=" ">
			<subfield code="a">1 volume (unpaged) :</subfield>
			<subfield code="b">color illustrations ;</subfield>
			<subfield code="c">27 cm</subfield>
		</datafield>
		<datafield tag="336" ind1=" " ind2=" ">
			<subfield code="a">text</subfield>
			<subfield code="2">rdacontent</subfield>
		</datafield>
		<datafield tag="336" ind1=" " ind2=" ">
			<subfield code="a">still image</subfield>
			<subfield code="2">rdacontent</subfield>
		</datafield>
		<datafield tag="337" ind1=" " ind2=" ">
			<subfield code="a">unmediated</subfield>
			<subfield code="2">rdamedia</subfield>
		</datafield>
		<datafield tag="338" ind1=" " ind2=" ">
			<subfield code="a">volume</subfield>
			<subfield code="2">rdacarrier</subfield>
		</datafield>
		<datafield tag="500" ind1=" " ind2=" ">
			<subfield code="a">"Originally published in single magazine form as The Children's Crusade 1 & 2"-Title page verso.</subfield>
		</datafield>
		<datafield tag="520" ind1=" " ind2=" ">
			<subfield code="a">"For the first time, the two-issue miniseries THE CHILDREN'S CRUSADE, written by Neil Gaiman, Alisa Kwitney and Jamie Delano, are collected - and with them, a new chapter written by Toby Litt that completes the tale as Gaiman originally envisioned it. When several children go missing in a small English town, the Dead Boy Detectives are on the case. A series of strange and unexpected twists take them to Free Country, a place that dates back a millennia, where children never grow old and are free from the abuse and tyranny of adults. But Free Country is failing, and what it needs is the strength of five innately powerful children - including the young sorcerer Timothy Hunter - to restore their uncanny world to what it once was."-</subfield>
			<subfield code="c">Provided by publisher.</subfield>
		</datafield>
		<datafield tag="655" ind1=" " ind2="0">
			<subfield code="a">Graphic novels.</subfield>
		</datafield>
		<datafield tag="650" ind1=" " ind2="7">
			<subfield code="a">COMICS & GRAPHIC NOVELS / Fantasy.</subfield>
			<subfield code="2">bisacsh</subfield>
		</datafield>
		<datafield tag="700" ind1="1" ind2=" ">
			<subfield code="a">Gaiman, Neil,</subfield>
			<subfield code="e">author.</subfield>
		</datafield>
		<datafield tag="700" ind1="1" ind2=" ">
			<subfield code="a">Litt, Toby,</subfield>
			<subfield code="d">1968-</subfield>
			<subfield code="e">author.</subfield>
		</datafield>
		<datafield tag="700" ind1="1" ind2=" ">
			<subfield code="a">Pollack, Rachel,</subfield>
			<subfield code="d">1945-</subfield>
			<subfield code="e">author.</subfield>
		</datafield>
		<datafield tag="700" ind1="1" ind2=" ">
			<subfield code="a">Kwitney, Alisa,</subfield>
			<subfield code="d">1964-</subfield>
			<subfield code="e">author.</subfield>
		</datafield>
		<datafield tag="700" ind1="1" ind2=" ">
			<subfield code="a">Delano, Jamie,</subfield>
			<subfield code="e">author.</subfield>
		</datafield>
		<datafield tag="700" ind1="1" ind2=" ">
			<subfield code="a">Bachalo, Chris,</subfield>
			<subfield code="e">penciller.</subfield>
		</datafield>
		<datafield tag="700" ind1="1" ind2=" ">
			<subfield code="a">Barreiro, Mike,</subfield>
			<subfield code="e">inker.</subfield>
		</datafield>
		<datafield tag="700" ind1="1" ind2=" ">
			<subfield code="a">Vozzo, Danny,</subfield>
			<subfield code="e">colourist.</subfield>
		</datafield>
		<datafield tag="700" ind1="1" ind2=" ">
			<subfield code="a">McGee, Jeanne,</subfield>
			<subfield code="d">1965-</subfield>
			<subfield code="e">colourist.</subfield>
		</datafield>
		<datafield tag="700" ind1="1" ind2=" ">
			<subfield code="a">Costanza, John,</subfield>
			<subfield code="e">letterer.</subfield>
		</datafield>
		<datafield tag="700" ind1="1" ind2=" ">
			<subfield code="a">Snejbjerg, Peter,</subfield>
			<subfield code="e">artist.</subfield>
		</datafield>
		<datafield tag="700" ind1="1" ind2=" ">
			<subfield code="a">Gross, Peter,</subfield>
			<subfield code="d">1958-</subfield>
			<subfield code="e">artist.</subfield>
		</datafield>
		<datafield tag="700" ind1="1" ind2=" ">
			<subfield code="a">Davison, Al,</subfield>
			<subfield code="d">1960-</subfield>
			<subfield code="e">artist.</subfield>
		</datafield>
		<datafield tag="700" ind1="1" ind2=" ">
			<subfield code="a">Klein, Todd,</subfield>
			<subfield code="e">letterer.</subfield>
		</datafield>
		<datafield tag="700" ind1="1" ind2=" ">
			<subfield code="a">Buckingham, Mark,</subfield>
			<subfield code="e">artist.</subfield>
		</datafield>
		<datafield tag="700" ind1="0" ind2=" ">
			<subfield code="a">D'Israeli,</subfield>
			<subfield code="e">colourist.</subfield>
		</datafield>
		<datafield tag="856" ind1="4" ind2="2">
			<subfield code="3">Cover image</subfield>
			<subfield code="u">9781401242411.jpg</subfield>
		</datafield>
	</record>