


	<record>
		<leader>01513cas a22004217a 4500</leader>
		<controlfield tag="001">11464503</controlfield>
		<controlfield tag="005">20181201123408.0</controlfield>
		<controlfield tag="008">940908c19959999flumr p       0   a0eng c</controlfield>
		<datafield tag="010" ind1=" " ind2=" ">
			<subfield code="a">sf 96094279 </subfield>
			<subfield code="z">sn 94004222 </subfield>
		</datafield>
		<datafield tag="022" ind1="0" ind2=" ">
			<subfield code="a">1078-4063</subfield>
			<subfield code="l">1078-4063</subfield>
			<subfield code="2">1</subfield>
		</datafield>
		<datafield tag="035" ind1=" " ind2=" ">
			<subfield code="a">(OCoLC)ocm31064861 </subfield>
		</datafield>
		<datafield tag="037" ind1=" " ind2=" ">
			<subfield code="b">Tekno Comix, 2255 Glades Rd., Ste. 237 W., Boca Raton, FL 33431-7383</subfield>
		</datafield>
		<datafield tag="040" ind1=" " ind2=" ">
			<subfield code="a">NSD</subfield>
			<subfield code="b">eng</subfield>
			<subfield code="c">NSD</subfield>
			<subfield code="d">DLC</subfield>
			<subfield code="d">OCLCQ</subfield>
			<subfield code="d">CRU</subfield>
			<subfield code="d">DLC</subfield>
			<subfield code="d">OCLCQ</subfield>
			<subfield code="d">OCLCF</subfield>
			<subfield code="d">OCLCO</subfield>
			<subfield code="d">OCLCA</subfield>
			<subfield code="d">OCLCQ</subfield>
		</datafield>
		<datafield tag="042" ind1=" " ind2=" ">
			<subfield code="a">nsdp</subfield>
			<subfield code="a">pcc</subfield>
		</datafield>
		<datafield tag="050" ind1="0" ind2="0">
			<subfield code="a">Comic Book 03490</subfield>
		</datafield>
		<datafield tag="050" ind1="1" ind2="4">
			<subfield code="a">PN6728.6.T36</subfield>
			<subfield code="b">N45</subfield>
		</datafield>
		<datafield tag="082" ind1="1" ind2="0">
			<subfield code="a">741</subfield>
			<subfield code="2">12</subfield>
		</datafield>
		<datafield tag="210" ind1="0" ind2=" ">
			<subfield code="a">Neil Gaiman's Mr. Hero newmatic man</subfield>
		</datafield>
		<datafield tag="222" ind1=" " ind2="0">
			<subfield code="a">Neil Gaiman's Mr. Hero, the newmatic man</subfield>
		</datafield>
		<datafield tag="245" ind1="0" ind2="0">
			<subfield code="a">Neil Gaiman's Mr. Hero, the newmatic man.</subfield>
		</datafield>
		<datafield tag="246" ind1="3" ind2="0">
			<subfield code="a">Mr. Hero, the newmatic man</subfield>
		</datafield>
		<datafield tag="246" ind1="3" ind2="0">
			<subfield code="a">Mr. Hero</subfield>
		</datafield>
		<datafield tag="260" ind1=" " ind2=" ">
			<subfield code="a">Boca Raton, FL :</subfield>
			<subfield code="b">Tekno Comix,</subfield>
			<subfield code="c">©1995-</subfield>
		</datafield>
		<datafield tag="300" ind1=" " ind2=" ">
			<subfield code="a">volumes</subfield>
		</datafield>
		<datafield tag="310" ind1=" " ind2=" ">
			<subfield code="a">Monthly</subfield>
		</datafield>
		<datafield tag="336" ind1=" " ind2=" ">
			<subfield code="a">text</subfield>
			<subfield code="b">txt</subfield>
			<subfield code="2">rdacontent</subfield>
		</datafield>
		<datafield tag="337" ind1=" " ind2=" ">
			<subfield code="a">unmediated</subfield>
			<subfield code="b">n</subfield>
			<subfield code="2">rdamedia</subfield>
		</datafield>
		<datafield tag="338" ind1=" " ind2=" ">
			<subfield code="a">volume</subfield>
			<subfield code="b">nc</subfield>
			<subfield code="2">rdacarrier</subfield>
		</datafield>
		<datafield tag="362" ind1="0" ind2=" ">
			<subfield code="a">Vol. 1, no. 1 (Mar. 1995)-</subfield>
		</datafield>
		<datafield tag="500" ind1=" " ind2=" ">
			<subfield code="a">Title from indicia.</subfield>
		</datafield>
		<datafield tag="650" ind1=" " ind2="0">
			<subfield code="a">Comic books, strips, etc.</subfield>
			<subfield code="v">Periodicals.</subfield>
		</datafield>
		<datafield tag="650" ind1=" " ind2="0">
			<subfield code="a">Science fiction comic books, strips, etc.</subfield>
			<subfield code="v">Periodicals.</subfield>
		</datafield>
		<datafield tag="650" ind1=" " ind2="7">
			<subfield code="a">Comic books, strips, etc.</subfield>
			<subfield code="2">fast</subfield>
			<subfield code="0">(OCoLC)fst00869145</subfield>
		</datafield>
		<datafield tag="650" ind1=" " ind2="7">
			<subfield code="a">Science fiction comic books, strips, etc.</subfield>
			<subfield code="2">fast</subfield>
			<subfield code="0">(OCoLC)fst01108613</subfield>
		</datafield>
		<datafield tag="655" ind1=" " ind2="7">
			<subfield code="a">Periodicals.</subfield>
			<subfield code="2">fast</subfield>
			<subfield code="0">(OCoLC)fst01411641</subfield>
		</datafield>
		<datafield tag="700" ind1="1" ind2=" ">
			<subfield code="a">Gaiman, Neil.</subfield>
		</datafield>
		<datafield tag="850" ind1=" " ind2=" ">
			<subfield code="a">DLC</subfield>
		</datafield>
		<datafield tag="906" ind1=" " ind2=" ">
			<subfield code="a">7</subfield>
			<subfield code="b">cbc</subfield>
			<subfield code="c">serials</subfield>
			<subfield code="d">u</subfield>
			<subfield code="e">ncip</subfield>
			<subfield code="f">19</subfield>
			<subfield code="g">n-oclcserc</subfield>
		</datafield>
	</record>