


	<record>
		<leader>01797cas a22004697a 4500</leader>
		<controlfield tag="001">11478170</controlfield>
		<controlfield tag="005">20190122080606.0</controlfield>
		<controlfield tag="008">941019u1995uuuuflumr p       0   a0eng c</controlfield>
		<datafield tag="010" ind1=" " ind2=" ">
			<subfield code="a">sf 97091052 </subfield>
			<subfield code="z">sn 94001375 </subfield>
		</datafield>
		<datafield tag="022" ind1="0" ind2=" ">
			<subfield code="a">1079-1353</subfield>
			<subfield code="l">1079-1353</subfield>
			<subfield code="2">1</subfield>
		</datafield>
		<datafield tag="035" ind1=" " ind2=" ">
			<subfield code="a">(OCoLC)ocm31312473 </subfield>
		</datafield>
		<datafield tag="037" ind1=" " ind2=" ">
			<subfield code="b">Tekno Comix, 2255 Glades Road, Boca Raton, FL 33431</subfield>
			<subfield code="c">$19.95 (U.S.)</subfield>
			<subfield code="c">$29.95 (Can.)</subfield>
		</datafield>
		<datafield tag="040" ind1=" " ind2=" ">
			<subfield code="a">NSD</subfield>
			<subfield code="b">eng</subfield>
			<subfield code="c">NSD</subfield>
			<subfield code="d">DLC</subfield>
			<subfield code="d">OCLCQ</subfield>
			<subfield code="d">DLC</subfield>
			<subfield code="d">OCLCQ</subfield>
			<subfield code="d">AVA</subfield>
			<subfield code="d">CRU</subfield>
			<subfield code="d">OCLCO</subfield>
			<subfield code="d">OCLCQ</subfield>
			<subfield code="d">OCL</subfield>
			<subfield code="d">OCLCO</subfield>
		</datafield>
		<datafield tag="042" ind1=" " ind2=" ">
			<subfield code="a">nsdp</subfield>
			<subfield code="a">pcc</subfield>
		</datafield>
		<datafield tag="050" ind1="0" ind2="0">
			<subfield code="a">Comic Book 03533</subfield>
		</datafield>
		<datafield tag="082" ind1="1" ind2="0">
			<subfield code="a">741</subfield>
			<subfield code="2">12</subfield>
		</datafield>
		<datafield tag="210" ind1="0" ind2=" ">
			<subfield code="a">Neil Gaiman's teknophage</subfield>
		</datafield>
		<datafield tag="222" ind1=" " ind2="0">
			<subfield code="a">Neil Gaiman's teknophage</subfield>
		</datafield>
		<datafield tag="245" ind1="0" ind2="0">
			<subfield code="a">Neil Gaiman's teknophage.</subfield>
		</datafield>
		<datafield tag="246" ind1="3" ind2="0">
			<subfield code="a">Teknophage</subfield>
		</datafield>
		<datafield tag="260" ind1=" " ind2=" ">
			<subfield code="a">Boca Raton, FL :</subfield>
			<subfield code="b">Tekno Comix,</subfield>
			<subfield code="c">©1995-</subfield>
		</datafield>
		<datafield tag="300" ind1=" " ind2=" ">
			<subfield code="a">volumes</subfield>
		</datafield>
		<datafield tag="310" ind1=" " ind2=" ">
			<subfield code="a">Monthly</subfield>
		</datafield>
		<datafield tag="336" ind1=" " ind2=" ">
			<subfield code="a">text</subfield>
			<subfield code="b">txt</subfield>
			<subfield code="2">rdacontent</subfield>
		</datafield>
		<datafield tag="337" ind1=" " ind2=" ">
			<subfield code="a">unmediated</subfield>
			<subfield code="b">n</subfield>
			<subfield code="2">rdamedia</subfield>
		</datafield>
		<datafield tag="338" ind1=" " ind2=" ">
			<subfield code="a">volume</subfield>
			<subfield code="b">nc</subfield>
			<subfield code="2">rdacarrier</subfield>
		</datafield>
		<datafield tag="362" ind1="0" ind2=" ">
			<subfield code="a">Vol. 1, no. 1 (Aug. 1995)-</subfield>
		</datafield>
		<datafield tag="500" ind1=" " ind2=" ">
			<subfield code="a">Title from indicia.</subfield>
		</datafield>
		<datafield tag="650" ind1=" " ind2="0">
			<subfield code="a">Dinosaurs</subfield>
			<subfield code="v">Comic books, strips, etc.</subfield>
			<subfield code="v">Periodicals.</subfield>
		</datafield>
		<datafield tag="650" ind1=" " ind2="0">
			<subfield code="a">Science fiction comic books, strips, etc</subfield>
			<subfield code="v">Periodicals.</subfield>
		</datafield>
		<datafield tag="650" ind1=" " ind2="7">
			<subfield code="a">Science fiction comic books, strips, etc.</subfield>
			<subfield code="2">fast</subfield>
			<subfield code="0">(OCoLC)fst01108613</subfield>
		</datafield>
		<datafield tag="650" ind1=" " ind2="7">
			<subfield code="a">Dinosaurs.</subfield>
			<subfield code="2">fast</subfield>
			<subfield code="0">(OCoLC)fst00893996</subfield>
		</datafield>
		<datafield tag="655" ind1=" " ind2="7">
			<subfield code="a">Periodicals.</subfield>
			<subfield code="2">fast</subfield>
			<subfield code="0">(OCoLC)fst01411641</subfield>
		</datafield>
		<datafield tag="655" ind1=" " ind2="7">
			<subfield code="a">Comic books, strips, etc.</subfield>
			<subfield code="2">fast</subfield>
			<subfield code="0">(OCoLC)fst01423722</subfield>
		</datafield>
		<datafield tag="655" ind1=" " ind2="7">
			<subfield code="a">Comic books</subfield>
			<subfield code="z">U.S.A.</subfield>
			<subfield code="y">1995-1996.</subfield>
			<subfield code="2">aat</subfield>
		</datafield>
		<datafield tag="655" ind1=" " ind2="7">
			<subfield code="a">Periodicals</subfield>
			<subfield code="z">U.S.A.</subfield>
			<subfield code="y">1995-1996.</subfield>
			<subfield code="2">aat</subfield>
		</datafield>
		<datafield tag="655" ind1=" " ind2="7">
			<subfield code="a">Science fiction comics (documents</subfield>
			<subfield code="z">U.S.A.</subfield>
			<subfield code="y">1995-1996.</subfield>
			<subfield code="2">aat</subfield>
		</datafield>
		<datafield tag="655" ind1=" " ind2="7">
			<subfield code="a">Comic books, strips, etc.</subfield>
			<subfield code="v">Periodicals.</subfield>
			<subfield code="2">gsafd</subfield>
		</datafield>
		<datafield tag="655" ind1=" " ind2="7">
			<subfield code="a">Science fiction comic books, strips, etc.</subfield>
			<subfield code="v">Periodicals.</subfield>
			<subfield code="2">gsafd</subfield>
		</datafield>
		<datafield tag="700" ind1="1" ind2=" ">
			<subfield code="a">Gaiman, Neil.</subfield>
		</datafield>
		<datafield tag="850" ind1=" " ind2=" ">
			<subfield code="a">DLC</subfield>
		</datafield>
		<datafield tag="906" ind1=" " ind2=" ">
			<subfield code="a">7</subfield>
			<subfield code="b">cbc</subfield>
			<subfield code="c">serials</subfield>
			<subfield code="d">u</subfield>
			<subfield code="e">ncip</subfield>
			<subfield code="f">19</subfield>
			<subfield code="g">n-oclcserc</subfield>
		</datafield>
	</record>