


	<record>
		<leader>03348cam a2200541 i 4500</leader>
		<controlfield tag="001">19052121</controlfield>
		<controlfield tag="005">20160622105949.0</controlfield>
		<controlfield tag="008">160412s2016    caua     6    000 1 eng  </controlfield>
		<datafield tag="906" ind1=" " ind2=" ">
			<subfield code="a">7</subfield>
			<subfield code="b">cbc</subfield>
			<subfield code="c">orignew</subfield>
			<subfield code="d">1</subfield>
			<subfield code="e">ecip</subfield>
			<subfield code="f">20</subfield>
			<subfield code="g">y-gencatlg</subfield>
		</datafield>
		<datafield tag="925" ind1="0" ind2=" ">
			<subfield code="a">acquire</subfield>
			<subfield code="b">1 shelf copy</subfield>
			<subfield code="x">policy default</subfield>
		</datafield>
		<datafield tag="955" ind1=" " ind2=" ">
			<subfield code="b">xk14 2016-04-12</subfield>
			<subfield code="i">xk14 2016-04-12 ONIX</subfield>
			<subfield code="w">xk14 2016-04-12 to CIP</subfield>
			<subfield code="a">xn11 2016-06-11 1 copy rec'd., to CIP ver.</subfield>
			<subfield code="f">xk14 2016-06-22 to BCCD</subfield>
		</datafield>
		<datafield tag="010" ind1=" " ind2=" ">
			<subfield code="a">  2016017011</subfield>
		</datafield>
		<datafield tag="020" ind1=" " ind2=" ">
			<subfield code="a">9781401263171 (paperback)</subfield>
		</datafield>
		<datafield tag="040" ind1=" " ind2=" ">
			<subfield code="a">DLC</subfield>
			<subfield code="b">eng</subfield>
			<subfield code="c">DLC</subfield>
			<subfield code="e">rda</subfield>
		</datafield>
		<datafield tag="042" ind1=" " ind2=" ">
			<subfield code="a">pcc</subfield>
		</datafield>
		<datafield tag="050" ind1="0" ind2="0">
			<subfield code="a">PN6728.P694</subfield>
			<subfield code="b">P74 2016</subfield>
		</datafield>
		<datafield tag="082" ind1="0" ind2="0">
			<subfield code="a">741.5/973</subfield>
			<subfield code="2">23</subfield>
		</datafield>
		<datafield tag="084" ind1=" " ind2=" ">
			<subfield code="a">CGN004080</subfield>
			<subfield code="2">bisacsh</subfield>
		</datafield>
		<datafield tag="245" ind1="0" ind2="0">
			<subfield code="a">Prez :</subfield>
			<subfield code="b">the first teen president /</subfield>
			<subfield code="c">Joe Simon, Cary Bates, Neil Gaiman, Ed Brubaker, Frank Miller, Grant Morrison, writers ; Jerry Grandenetti, Creig Flessel, Art Saaf, Vince Colletta, Michael Allred, Bryan Talbot, Mark Buckingham, Eric Shanower, Frank Miller, Scott Hepburn, artists ; Jerry Grandenetti, Daniel Vozzo, Robbie, Busch, Lynn Varley, Nathan Fairbairn, colorists ; Todd Klein, letterer ; Jerry Grandenetti, collection cover art.</subfield>
		</datafield>
		<datafield tag="264" ind1=" " ind2="1">
			<subfield code="a">Burbank, CA :</subfield>
			<subfield code="b">DC Comics,</subfield>
			<subfield code="c">[2016]</subfield>
		</datafield>
		<datafield tag="300" ind1=" " ind2=" ">
			<subfield code="a">213 pages :</subfield>
			<subfield code="b">color illustrations ;</subfield>
			<subfield code="c">26 cm</subfield>
		</datafield>
		<datafield tag="336" ind1=" " ind2=" ">
			<subfield code="a">text</subfield>
			<subfield code="b">txt</subfield>
			<subfield code="2">rdacontent</subfield>
		</datafield>
		<datafield tag="336" ind1=" " ind2=" ">
			<subfield code="a">still image</subfield>
			<subfield code="2">rdacontent</subfield>
		</datafield>
		<datafield tag="337" ind1=" " ind2=" ">
			<subfield code="a">unmediated</subfield>
			<subfield code="b">n</subfield>
			<subfield code="2">rdamedia</subfield>
		</datafield>
		<datafield tag="338" ind1=" " ind2=" ">
			<subfield code="a">volume</subfield>
			<subfield code="b">nc</subfield>
			<subfield code="2">rdacarrier</subfield>
		</datafield>
		<datafield tag="520" ind1=" " ind2=" ">
			<subfield code="a">"One of the stranger series ever published by DC Comics, PREZ was the story of the nation's first teenage president. With the lowering of the voting age to 18 in the late 1960s, it was only a matter of time until a teenager ran for the highest office in the land-and in PREZ, the aptly named Prez Rickard won, becoming the first teenaged president in U.S. history! But with such power comes corruption-in this case, in the form of Boss Smiley, a literally smiley-faced political fixer who wants Prez to do his bidding. This title collects all the appearances of Prez since his 1973 debut, including tales by Neil Gaiman (THE SANDMAN #54), Frank Miller (BATMAN: THE DARK KNIGHT STRIKES AGAIN #1) and Ed Brubaker (the grunge-influenced VERTIGO VISIONS: PREZ #1). Collects PREZ #1-4, a story from CANCELLED COMICS CAVALCADE, SUPERGIRL #10 (1974), THE SANDMAN #54, VERTIGO VISIONS: PREZ #1 and BATMAN: THE DARK KNIGHT STRIKES AGAIN #1"-</subfield>
			<subfield code="c">Provided by publisher.</subfield>
		</datafield>
		<datafield tag="655" ind1=" " ind2="0">
			<subfield code="a">Comic books, strips, etc.</subfield>
		</datafield>
		<datafield tag="650" ind1=" " ind2="7">
			<subfield code="a">COMICS & GRAPHIC NOVELS / Superheroes.</subfield>
			<subfield code="2">bisacsh</subfield>
		</datafield>
		<datafield tag="700" ind1="1" ind2=" ">
			<subfield code="a">Simon, Joe,</subfield>
			<subfield code="e">author.</subfield>
		</datafield>
		<datafield tag="700" ind1="1" ind2=" ">
			<subfield code="a">Bates, Cary,</subfield>
			<subfield code="d">1948-</subfield>
			<subfield code="e">author.</subfield>
		</datafield>
		<datafield tag="700" ind1="1" ind2=" ">
			<subfield code="a">Gaiman, Neil,</subfield>
			<subfield code="e">author.</subfield>
		</datafield>
		<datafield tag="700" ind1="1" ind2=" ">
			<subfield code="a">Brubaker, Ed,</subfield>
			<subfield code="e">author.</subfield>
		</datafield>
		<datafield tag="700" ind1="1" ind2=" ">
			<subfield code="a">Miller, Frank,</subfield>
			<subfield code="d">1957-</subfield>
			<subfield code="e">author,</subfield>
			<subfield code="e">illustrator.</subfield>
		</datafield>
		<datafield tag="700" ind1="1" ind2=" ">
			<subfield code="a">Morrison, Grant,</subfield>
			<subfield code="e">author.</subfield>
		</datafield>
		<datafield tag="700" ind1="1" ind2=" ">
			<subfield code="a">Grandenetti, Jerry,</subfield>
			<subfield code="e">illustrator.</subfield>
		</datafield>
		<datafield tag="700" ind1="1" ind2=" ">
			<subfield code="a">Flessel, Creig,</subfield>
			<subfield code="e">illustrator.</subfield>
		</datafield>
		<datafield tag="700" ind1="1" ind2=" ">
			<subfield code="a">Saaf, Art,</subfield>
			<subfield code="d">1921-2007,</subfield>
			<subfield code="e">illustrator.</subfield>
		</datafield>
		<datafield tag="700" ind1="1" ind2=" ">
			<subfield code="a">Colletta, Vince,</subfield>
			<subfield code="e">illustrator.</subfield>
		</datafield>
		<datafield tag="700" ind1="1" ind2=" ">
			<subfield code="a">Allred, Mike</subfield>
			<subfield code="q">(Mike Dalton),</subfield>
			<subfield code="e">illustrator.</subfield>
		</datafield>
		<datafield tag="700" ind1="1" ind2=" ">
			<subfield code="a">Talbot, Bryan,</subfield>
			<subfield code="e">illustrator.</subfield>
		</datafield>
		<datafield tag="700" ind1="1" ind2=" ">
			<subfield code="a">Buckingham, Mark,</subfield>
			<subfield code="e">illustrator.</subfield>
		</datafield>
		<datafield tag="700" ind1="1" ind2=" ">
			<subfield code="a">Shanower, Eric,</subfield>
			<subfield code="e">illustrator.</subfield>
		</datafield>
		<datafield tag="700" ind1="1" ind2=" ">
			<subfield code="a">Hepburn, Scott,</subfield>
			<subfield code="e">illustrator.</subfield>
		</datafield>
		<datafield tag="700" ind1="1" ind2=" ">
			<subfield code="a">Vozzo, Danny,</subfield>
			<subfield code="e">illustrator.</subfield>
		</datafield>
		<datafield tag="700" ind1="1" ind2=" ">
			<subfield code="a">Busch, Robbie,</subfield>
			<subfield code="e">illustrator.</subfield>
		</datafield>
		<datafield tag="700" ind1="1" ind2=" ">
			<subfield code="a">Varley, Lynn,</subfield>
			<subfield code="e">illustrator.</subfield>
		</datafield>
		<datafield tag="700" ind1="1" ind2=" ">
			<subfield code="a">Fairbairn, Nathan,</subfield>
			<subfield code="e">illustrator.</subfield>
		</datafield>
		<datafield tag="700" ind1="1" ind2=" ">
			<subfield code="a">Klein, Todd,</subfield>
			<subfield code="e">illustrator.</subfield>
		</datafield>
	</record>