
	<record>
		<leader>02682cam a2200349 a 4500</leader>
		<controlfield tag="001">16240608</controlfield>
		<controlfield tag="005">20141113155654.0</controlfield>
		<controlfield tag="008">100518s2010    nyu           000 j eng  </controlfield>
		<datafield tag="906" ind1=" " ind2=" ">
			<subfield code="a">7</subfield>
			<subfield code="b">cbc</subfield>
			<subfield code="c">orignew</subfield>
			<subfield code="d">1</subfield>
			<subfield code="e">ecip</subfield>
			<subfield code="f">20</subfield>
			<subfield code="g">y-gencatlg</subfield>
		</datafield>
		<datafield tag="925" ind1="0" ind2=" ">
			<subfield code="a">acquire</subfield>
			<subfield code="b">1 shelf copy</subfield>
			<subfield code="x">policy default</subfield>
		</datafield>
		<datafield tag="925" ind1="1" ind2=" ">
			<subfield code="a">acquire</subfield>
			<subfield code="b">2 shelf copies</subfield>
			<subfield code="x">policy default</subfield>
		</datafield>
		<datafield tag="955" ind1=" " ind2=" ">
			<subfield code="b">rg03 2010-05-18</subfield>
			<subfield code="i">rg03 2010-05-18, to Dewey</subfield>
			<subfield code="w">rd61 2010-05-19</subfield>
			<subfield code="a">xe05 2010-10-14 2 copies rec'd., to CIP ver.</subfield>
			<subfield code="f">rc09 2010-10-15 Z-CipVer</subfield>
			<subfield code="t">rc09 2010-10-15 c. 2 added</subfield>
		</datafield>
		<datafield tag="010" ind1=" " ind2=" ">
			<subfield code="a">  2010020363</subfield>
		</datafield>
		<datafield tag="020" ind1=" " ind2=" ">
			<subfield code="a">9780061230929</subfield>
		</datafield>
		<datafield tag="020" ind1=" " ind2=" ">
			<subfield code="a">0061230928</subfield>
		</datafield>
		<datafield tag="035" ind1=" " ind2=" ">
			<subfield code="a">(OCoLC)ocn624555923</subfield>
		</datafield>
		<datafield tag="040" ind1=" " ind2=" ">
			<subfield code="a">DLC</subfield>
			<subfield code="c">DLC</subfield>
			<subfield code="d">UPZ</subfield>
			<subfield code="d">GO3</subfield>
			<subfield code="d">C#P</subfield>
			<subfield code="d">ON8</subfield>
			<subfield code="d">YDXCP</subfield>
			<subfield code="d">BWX</subfield>
			<subfield code="d">CDX</subfield>
			<subfield code="d">VP@</subfield>
			<subfield code="d">DLC</subfield>
		</datafield>
		<datafield tag="050" ind1="0" ind2="0">
			<subfield code="a">PS648.S5</subfield>
			<subfield code="b">S75 2010</subfield>
		</datafield>
		<datafield tag="082" ind1="0" ind2="0">
			<subfield code="a">823/.0108092</subfield>
			<subfield code="2">22</subfield>
		</datafield>
		<datafield tag="245" ind1="0" ind2="0">
			<subfield code="a">Stories :</subfield>
			<subfield code="b">all-new tales /</subfield>
			<subfield code="c">edited by Neil Gaiman and Al Sarrantonio.</subfield>
		</datafield>
		<datafield tag="260" ind1=" " ind2=" ">
			<subfield code="a">New York :</subfield>
			<subfield code="b">William Morrow,</subfield>
			<subfield code="c">c2010.</subfield>
		</datafield>
		<datafield tag="300" ind1=" " ind2=" ">
			<subfield code="a">x, 428 p. ;</subfield>
			<subfield code="c">24 cm.</subfield>
		</datafield>
		<datafield tag="520" ind1=" " ind2=" ">
			<subfield code="a">A groundbreaking anthology that includes outstanding tales by Joe Hill, Lawrence Block, Carolyn Parkhurst, Joanne Harris, Richard Adams, Jeffery Deaver, and Neil Gaiman.</subfield>
		</datafield>
		<datafield tag="650" ind1=" " ind2="0">
			<subfield code="a">Short stories, American.</subfield>
		</datafield>
		<datafield tag="650" ind1=" " ind2="0">
			<subfield code="a">Short stories, English.</subfield>
		</datafield>
		<datafield tag="650" ind1=" " ind2="0">
			<subfield code="a">American fiction</subfield>
			<subfield code="y">21st century.</subfield>
		</datafield>
		<datafield tag="650" ind1=" " ind2="0">
			<subfield code="a">English fiction</subfield>
			<subfield code="y">21st century.</subfield>
		</datafield>
		<datafield tag="700" ind1="1" ind2=" ">
			<subfield code="a">Gaiman, Neil.</subfield>
		</datafield>
		<datafield tag="700" ind1="1" ind2=" ">
			<subfield code="a">Sarrantonio, Al.</subfield>
		</datafield>
		<datafield tag="856" ind1="4" ind2="2">
			<subfield code="3">Contributor biographical information</subfield>
			<subfield code="u">http://www.loc.gov/catdir/enhancements/fy1101/2010020363-b.html</subfield>
		</datafield>
		<datafield tag="856" ind1="4" ind2="2">
			<subfield code="3">Publisher description</subfield>
			<subfield code="u">http://www.loc.gov/catdir/enhancements/fy1101/2010020363-d.html</subfield>
		</datafield>
	</record>