



	<record>
		<leader>05020cam a2200301 a 4500</leader>
		<controlfield tag="001">15643631</controlfield>
		<controlfield tag="005">20130312090846.0</controlfield>
		<controlfield tag="008">090302s2009    nyu      b    000 1 eng  </controlfield>
		<datafield tag="906" ind1=" " ind2=" ">
			<subfield code="a">7</subfield>
			<subfield code="b">cbc</subfield>
			<subfield code="c">orignew</subfield>
			<subfield code="d">1</subfield>
			<subfield code="e">ecip</subfield>
			<subfield code="f">20</subfield>
			<subfield code="g">y-gencatlg</subfield>
		</datafield>
		<datafield tag="925" ind1="0" ind2=" ">
			<subfield code="a">Acquire</subfield>
			<subfield code="b">2 shelf copies</subfield>
			<subfield code="x">policy default</subfield>
		</datafield>
		<datafield tag="955" ind1=" " ind2=" ">
			<subfield code="a">rg12 2009-03-03</subfield>
			<subfield code="c">rg12 2009-03-03 (telework)</subfield>
			<subfield code="d">rg14 2009-03-10</subfield>
			<subfield code="e">rg14 2009-03-10 to Dewey</subfield>
			<subfield code="a">bf07 2009-03-10</subfield>
			<subfield code="a">xe10 2009-11-24 1 copy rec'd., to CIP ver.</subfield>
			<subfield code="f">rg15 2010-03-22 Z-CipVer to BCCD</subfield>
			<subfield code="t">rg15 2010-03-24 copy 2 to BCCD</subfield>
			<subfield code="a">Barcode 0024021619A returned from bindery 2010-04-23</subfield>
		</datafield>
		<datafield tag="010" ind1=" " ind2=" ">
			<subfield code="a">  2009008864</subfield>
		</datafield>
		<datafield tag="020" ind1=" " ind2=" ">
			<subfield code="a">9780307473899 (pbk.)</subfield>
		</datafield>
		<datafield tag="035" ind1=" " ind2=" ">
			<subfield code="a">(OCoLC)ocn314378404</subfield>
		</datafield>
		<datafield tag="040" ind1=" " ind2=" ">
			<subfield code="a">DLC</subfield>
			<subfield code="c">DLC</subfield>
			<subfield code="d">YDX</subfield>
			<subfield code="d">BTCTA</subfield>
			<subfield code="d">YDXCP</subfield>
			<subfield code="d">LIQ</subfield>
			<subfield code="d">ZPP</subfield>
			<subfield code="d">GK5</subfield>
			<subfield code="d">HSA</subfield>
			<subfield code="d">VP@</subfield>
			<subfield code="d">ABG</subfield>
			<subfield code="d">DLC</subfield>
		</datafield>
		<datafield tag="050" ind1="0" ind2="0">
			<subfield code="a">PS648.V35</subfield>
			<subfield code="b">V25 2009</subfield>
		</datafield>
		<datafield tag="082" ind1="0" ind2="0">
			<subfield code="a">813/.0873808375</subfield>
			<subfield code="2">22</subfield>
		</datafield>
		<datafield tag="245" ind1="0" ind2="4">
			<subfield code="a">The vampire archives :</subfield>
			<subfield code="b">the most complete volume of vampire tales ever published /</subfield>
			<subfield code="c">edited with an introduction by Otto Penzler ; foreword by Kim Newman ; preface by Neil Gaiman.</subfield>
		</datafield>
		<datafield tag="260" ind1=" " ind2=" ">
			<subfield code="a">New York, N.Y. :</subfield>
			<subfield code="b">Vintage Books,</subfield>
			<subfield code="c">c2009.</subfield>
		</datafield>
		<datafield tag="300" ind1=" " ind2=" ">
			<subfield code="a">xix, 1034 p. ;</subfield>
			<subfield code="c">24 cm.</subfield>
		</datafield>
		<datafield tag="490" ind1="0" ind2=" ">
			<subfield code="a">Vintage crime/Black Lizard</subfield>
		</datafield>
		<datafield tag="504" ind1=" " ind2=" ">
			<subfield code="a">Includes bibliographical references (p. 919-1029)</subfield>
		</datafield>
		<datafield tag="650" ind1=" " ind2="0">
			<subfield code="a">Vampires</subfield>
			<subfield code="v">Fiction.</subfield>
		</datafield>
		<datafield tag="650" ind1=" " ind2="0">
			<subfield code="a">Horror tales, American.</subfield>
		</datafield>
		<datafield tag="700" ind1="1" ind2=" ">
			<subfield code="a">Penzler, Otto.</subfield>
		</datafield>
		<datafield tag="700" ind1="1" ind2=" ">
			<subfield code="a">Newman, Kim.</subfield>
		</datafield>
		<datafield tag="700" ind1="1" ind2=" ">
			<subfield code="a">Gaiman, Neil.</subfield>
		</datafield>
	</record>