


	<record>
		<leader>02193ckm a22004217a 4500</leader>
		<controlfield tag="001">12876067</controlfield>
		<controlfield tag="005">20071025142624.0</controlfield>
		<controlfield tag="007">kd bc|</controlfield>
		<controlfield tag="007">cr |||||||||||</controlfield>
		<controlfield tag="008">020730s2001    |||nnn       ||   kneng  </controlfield>
		<datafield tag="035" ind1=" " ind2=" ">
			<subfield code="a">(DLC)12876067</subfield>
		</datafield>
		<datafield tag="035" ind1=" " ind2=" ">
			<subfield code="a">(DLC)  2002716720</subfield>
		</datafield>
		<datafield tag="906" ind1=" " ind2=" ">
			<subfield code="a">p</subfield>
			<subfield code="b">ibc</subfield>
			<subfield code="c">orignew</subfield>
			<subfield code="d">u</subfield>
			<subfield code="e">ncip</subfield>
			<subfield code="f">20</subfield>
			<subfield code="g">y-printpho</subfield>
		</datafield>
		<datafield tag="010" ind1=" " ind2=" ">
			<subfield code="a">  2002716720</subfield>
		</datafield>
		<datafield tag="037" ind1=" " ind2=" ">
			<subfield code="a">LC-DIG-ppmsca-01889</subfield>
			<subfield code="b">DLC</subfield>
			<subfield code="c">(digital files from originals)</subfield>
		</datafield>
		<datafield tag="040" ind1=" " ind2=" ">
			<subfield code="a">DLC</subfield>
			<subfield code="c">DLC</subfield>
			<subfield code="e">gihc</subfield>
		</datafield>
		<datafield tag="050" ind1="0" ind2="0">
			<subfield code="a">Unprocessed in PR 13 CN 2002:089</subfield>
			<subfield code="b">[item]</subfield>
		</datafield>
		<datafield tag="100" ind1="1" ind2=" ">
			<subfield code="a">Bachalo, Chris,</subfield>
			<subfield code="e">artist.</subfield>
		</datafield>
		<datafield tag="245" ind1="1" ind2="4">
			<subfield code="a">The wheel</subfield>
			<subfield code="h">[graphic] /</subfield>
			<subfield code="c">story Neil Gaiman ; art Chris Bachalo ; letters Todd Klein ; color Rob Ro and Alex Bleyaert.</subfield>
		</datafield>
		<datafield tag="260" ind1=" " ind2=" ">
			<subfield code="c">2001.</subfield>
		</datafield>
		<datafield tag="300" ind1=" " ind2=" ">
			<subfield code="a">5 drawings:</subfield>
			<subfield code="b">ink, white out, and paste-ons over graphite underdrawing.</subfield>
		</datafield>
		<datafield tag="520" ind1="0" ind2=" ">
			<subfield code="a">Comics story about a boy whose mother died in the September 11th terrorist attacks on the World Trade Center, New York City. The boy climbs a ferris wheel, planning a suicide jump, but is visited by supernatural beings who guide him to emotional resolution.</subfield>
		</datafield>
		<datafield tag="540" ind1=" " ind2=" ">
			<subfield code="a">Publication may be restricted. For information see "DC Comics" (http://lcweb.loc.gov/rr/print/res/323_dcco.html)</subfield>
		</datafield>
		<datafield tag="500" ind1=" " ind2=" ">
			<subfield code="a">Title from item.</subfield>
		</datafield>
		<datafield tag="581" ind1="8" ind2=" ">
			<subfield code="a">Published in color in: 9-11 : the world's finest comic book writers and artists tell stories to remember / edited by Paul Levitz. New York, NY : DC Comics, c2002, v. 2, p. 181-85.</subfield>
		</datafield>
		<datafield tag="610" ind1="2" ind2="4">
			<subfield code="a">World Trade Center (New York, N.Y.)</subfield>
			<subfield code="x">Disasters</subfield>
			<subfield code="y">2000-2010.</subfield>
		</datafield>
		<datafield tag="650" ind1=" " ind2="0">
			<subfield code="a">September 11 Terrorist Attacks, 2001.</subfield>
		</datafield>
		<datafield tag="650" ind1=" " ind2="7">
			<subfield code="a">Supernatural beings</subfield>
			<subfield code="y">2000-2010.</subfield>
			<subfield code="2">lctgm</subfield>
		</datafield>
		<datafield tag="650" ind1=" " ind2="7">
			<subfield code="a">Suicides</subfield>
			<subfield code="z">New York (State)</subfield>
			<subfield code="z">New York</subfield>
			<subfield code="y">2000-2010.</subfield>
			<subfield code="2">lctgm</subfield>
		</datafield>
		<datafield tag="650" ind1=" " ind2="7">
			<subfield code="a">Ferris wheels</subfield>
			<subfield code="z">New York (State)</subfield>
			<subfield code="z">New York</subfield>
			<subfield code="y">2000-2010.</subfield>
			<subfield code="2">lctgm</subfield>
		</datafield>
		<datafield tag="655" ind1=" " ind2="7">
			<subfield code="a">Comic book illustrations</subfield>
			<subfield code="y">2000-2010.</subfield>
			<subfield code="2">gmgpc</subfield>
		</datafield>
		<datafield tag="655" ind1=" " ind2="7">
			<subfield code="a">Ink drawings</subfield>
			<subfield code="y">2000-2010.</subfield>
			<subfield code="2">gmgpc</subfield>
		</datafield>
		<datafield tag="700" ind1="1" ind2=" ">
			<subfield code="a">Gaiman, Neil,</subfield>
			<subfield code="e">author.</subfield>
		</datafield>
		<datafield tag="852" ind1=" " ind2=" ">
			<subfield code="a">Library of Congress</subfield>
			<subfield code="b">Prints and Photographs Division</subfield>
			<subfield code="e">Washington, D.C. 20540 USA</subfield>
			<subfield code="n">dcu</subfield>
		</datafield>
		<datafield tag="856" ind1="4" ind2="1">
			<subfield code="3">digital file from original</subfield>
			<subfield code="d">ppmsca</subfield>
			<subfield code="f">01889</subfield>
			<subfield code="q">h</subfield>
			<subfield code="u">http://hdl.loc.gov/loc.pnp/ppmsca.01889</subfield>
		</datafield>
		<datafield tag="952" ind1=" " ind2=" ">
			<subfield code="a">Unprocessed in PR 13 CN 2002:089</subfield>
		</datafield>
		<datafield tag="985" ind1=" " ind2=" ">
			<subfield code="a">pp/cph</subfield>
			<subfield code="e">911acq</subfield>
		</datafield>
		<datafield tag="991" ind1=" " ind2=" ">
			<subfield code="b">c-P&P</subfield>
			<subfield code="v">obj.</subfield>
		</datafield>
	</record>