
 -->

<!-- 
	<record>
		<leader>02226cam a2200433 a 4500</leader>
		<controlfield tag="001">12744193</controlfield>
		<controlfield tag="005">20120430161754.0</controlfield>
		<controlfield tag="008">020417s2001    nyua          000 1 eng d</controlfield>
		<datafield tag="906" ind1=" " ind2=" ">
			<subfield code="a">7</subfield>
			<subfield code="b">cbc</subfield>
			<subfield code="c">copycat</subfield>
			<subfield code="d">3</subfield>
			<subfield code="e">ncip</subfield>
			<subfield code="f">20</subfield>
			<subfield code="g">y-gencatlg</subfield>
		</datafield>
		<datafield tag="925" ind1="0" ind2=" ">
			<subfield code="a">acquire</subfield>
			<subfield code="b">2 shelf copies</subfield>
			<subfield code="x">policy default</subfield>
		</datafield>
		<datafield tag="955" ind1=" " ind2=" ">
			<subfield code="a">ps10 2002-04-17 to HLCD</subfield>
			<subfield code="e">lh44 2002-06-14 to Dewey</subfield>
			<subfield code="a">aa05 2002-07-26; evidently not cataloged before being sent to Dewey</subfield>
			<subfield code="c">lg27 2002-12-02</subfield>
			<subfield code="d">lg22 2003-04-28</subfield>
			<subfield code="c">lg14 2004-09-14 (opened & added v. 2-5);</subfield>
			<subfield code="e">lg13 2005-01-05 to Dewey</subfield>
			<subfield code="c">lg14 2005-04-05 (added v. 6)</subfield>
			<subfield code="e">lg14 2005-04-05 v. 6 to BCCD</subfield>
			<subfield code="c">rg14 2012-02-29 v. 9 to BCCD</subfield>
			<subfield code="c">rg14 2012-04-30 v. 9 (copy 2) to BCCD</subfield>
		</datafield>
		<datafield tag="010" ind1=" " ind2=" ">
			<subfield code="a">  2002280158</subfield>
			<subfield code="z">  2003265816</subfield>
			<subfield code="z">  2003535336</subfield>
			<subfield code="z">  2004269898</subfield>
			<subfield code="z">  2004272870</subfield>
			<subfield code="z">  2005272493</subfield>
		</datafield>
		<datafield tag="020" ind1=" " ind2=" ">
			<subfield code="a">1563897334 (bk. 1)</subfield>
		</datafield>
		<datafield tag="020" ind1=" " ind2=" ">
			<subfield code="a">1563898004 (bk. 2)</subfield>
		</datafield>
		<datafield tag="020" ind1=" " ind2=" ">
			<subfield code="a">1563898926 (bk. 3)</subfield>
		</datafield>
		<datafield tag="020" ind1=" " ind2=" ">
			<subfield code="a">1401200095 (bk. 4)</subfield>
		</datafield>
		<datafield tag="020" ind1=" " ind2=" ">
			<subfield code="a">1401202101 (bk. 5)</subfield>
		</datafield>
		<datafield tag="020" ind1=" " ind2=" ">
			<subfield code="a">1401202497 (bk. 6)</subfield>
		</datafield>
		<datafield tag="020" ind1=" " ind2=" ">
			<subfield code="a">9781401210052 (bk. 9)</subfield>
		</datafield>
		<datafield tag="035" ind1=" " ind2=" ">
			<subfield code="a">(OCoLC)ocm47699999</subfield>
		</datafield>
		<datafield tag="040" ind1=" " ind2=" ">
			<subfield code="a">OSU</subfield>
			<subfield code="c">OSU</subfield>
			<subfield code="d">DLC</subfield>
		</datafield>
		<datafield tag="042" ind1=" " ind2=" ">
			<subfield code="a">lccopycat</subfield>
		</datafield>
		<datafield tag="050" ind1="0" ind2="0">
			<subfield code="a">PN6728.L79</subfield>
			<subfield code="b">C373 2001</subfield>
		</datafield>
		<datafield tag="082" ind1="0" ind2="0">
			<subfield code="a">741.5/973</subfield>
			<subfield code="2">21</subfield>
		</datafield>
		<datafield tag="100" ind1="1" ind2=" ">
			<subfield code="a">Carey, Mike,</subfield>
			<subfield code="d">1959-</subfield>
		</datafield>
		<datafield tag="245" ind1="1" ind2="0">
			<subfield code="a">Lucifer /</subfield>
			<subfield code="c">Mike Carey, writer ; Scott Hampton ... [et al.], artists ; Daniel Vozzo, colorist ; Todd Klein, Ellie de Ville, letterers ; Neil Gaiman, consultant.</subfield>
		</datafield>
		<datafield tag="260" ind1=" " ind2=" ">
			<subfield code="a">New York :</subfield>
			<subfield code="b">DC Comics,</subfield>
			<subfield code="c">c2001-<c2006></subfield>
		</datafield>
		<datafield tag="300" ind1=" " ind2=" ">
			<subfield code="a">v. <1-6, 9> :</subfield>
			<subfield code="b">chiefly col. ill. ;</subfield>
			<subfield code="c">26 cm.</subfield>
		</datafield>
		<datafield tag="500" ind1=" " ind2=" ">
			<subfield code="a">"Based on characters created by Neil Gaiman, Sam Kieth, and Mike Dringenberg."</subfield>
		</datafield>
		<datafield tag="500" ind1=" " ind2=" ">
			<subfield code="a">Statements of responsibility vary on individual volumes.</subfield>
		</datafield>
		<datafield tag="500" ind1=" " ind2=" ">
			<subfield code="a">Originally published in single magazine form in The Sandman presents Lucifer 1-3 and Lucifer 1-<41>.</subfield>
		</datafield>
		<datafield tag="500" ind1=" " ind2=" ">
			<subfield code="a">Vol. 1 published without enumeration.</subfield>
		</datafield>
		<datafield tag="655" ind1=" " ind2="7">
			<subfield code="a">Comic books, strips, etc.</subfield>
			<subfield code="2">gsafd</subfield>
		</datafield>
		<datafield tag="700" ind1="1" ind2=" ">
			<subfield code="a">Hampton, Scott.</subfield>
		</datafield>
		<datafield tag="700" ind1="1" ind2=" ">
			<subfield code="a">Kieth, Sam.</subfield>
		</datafield>
		<datafield tag="700" ind1="1" ind2=" ">
			<subfield code="a">Gaiman, Neil.</subfield>
		</datafield>
		<datafield tag="700" ind1="1" ind2=" ">
			<subfield code="a">Dringenberg, Mike.</subfield>
		</datafield>
		<datafield tag="700" ind1="1" ind2=" ">
			<subfield code="a">Carey, Mike,</subfield>
			<subfield code="d">1959-</subfield>
			<subfield code="t">Sandman presents Lucifer.</subfield>
		</datafield>
	</record>