


	<record>
		<leader>01932cam a22004097a 4500</leader>
		<controlfield tag="001">16246445</controlfield>
		<controlfield tag="005">20160620094354.0</controlfield>
		<controlfield tag="008">100521s2007    nyua          000 1 eng  </controlfield>
		<datafield tag="906" ind1=" " ind2=" ">
			<subfield code="a">7</subfield>
			<subfield code="b">cbc</subfield>
			<subfield code="c">copycat</subfield>
			<subfield code="d">2</subfield>
			<subfield code="e">ncip</subfield>
			<subfield code="f">20</subfield>
			<subfield code="g">y-gencatlg</subfield>
		</datafield>
		<datafield tag="925" ind1="0" ind2=" ">
			<subfield code="a">acquire</subfield>
			<subfield code="b">1 shelf copy</subfield>
			<subfield code="x">policy default</subfield>
		</datafield>
		<datafield tag="925" ind1="1" ind2=" ">
			<subfield code="a">acquire</subfield>
			<subfield code="b">2 shelf copies</subfield>
			<subfield code="x">policy default</subfield>
		</datafield>
		<datafield tag="955" ind1=" " ind2=" ">
			<subfield code="b">rc09 2010-05-21 z-processor</subfield>
			<subfield code="i">rc09 2010-05-21 ; to Dewey 2010-05-21</subfield>
			<subfield code="t">rc09 2010-05-21 c. 2 added</subfield>
			<subfield code="a">Barcode 00308394724 returned from bindery 2010-08-05</subfield>
			<subfield code="w">rd03 2010-09-23</subfield>
		</datafield>
		<datafield tag="010" ind1=" " ind2=" ">
			<subfield code="a">  2010293831</subfield>
		</datafield>
		<datafield tag="020" ind1=" " ind2=" ">
			<subfield code="a">1401210074 (pbk.)</subfield>
		</datafield>
		<datafield tag="020" ind1=" " ind2=" ">
			<subfield code="a">9781401210076 (pbk.)</subfield>
		</datafield>
		<datafield tag="035" ind1=" " ind2=" ">
			<subfield code="a">(OCoLC)ocm85483159</subfield>
		</datafield>
		<datafield tag="040" ind1=" " ind2=" ">
			<subfield code="a">MDK</subfield>
			<subfield code="c">MDK</subfield>
			<subfield code="d">BAKER</subfield>
			<subfield code="d">GK8</subfield>
			<subfield code="d">JED</subfield>
			<subfield code="d">BTCTA</subfield>
			<subfield code="d">KYB</subfield>
			<subfield code="d">OCLCA</subfield>
			<subfield code="d">BNO</subfield>
			<subfield code="d">AXJ</subfield>
			<subfield code="d">DLC</subfield>
		</datafield>
		<datafield tag="042" ind1=" " ind2=" ">
			<subfield code="a">lccopycat</subfield>
		</datafield>
		<datafield tag="043" ind1=" " ind2=" ">
			<subfield code="a">e-uk-en</subfield>
		</datafield>
		<datafield tag="050" ind1="0" ind2="0">
			<subfield code="a">PN6727.C377</subfield>
			<subfield code="b">N45 2007</subfield>
		</datafield>
		<datafield tag="082" ind1="0" ind2="0">
			<subfield code="a">741.51/973</subfield>
			<subfield code="2">22</subfield>
		</datafield>
		<datafield tag="100" ind1="1" ind2=" ">
			<subfield code="a">Carey, Mike,</subfield>
			<subfield code="d">1959-</subfield>
		</datafield>
		<datafield tag="245" ind1="1" ind2="0">
			<subfield code="a">Neil Gaiman's neverwhere /</subfield>
			<subfield code="c">Mike Carey, writer ; Glenn Fabry, artist ; Tanya & Richard Horie, colorists; Toddy Klein, letterer ; Glenn Fabry & Tony Luke, original series covers.</subfield>
		</datafield>
		<datafield tag="246" ind1="3" ind2="0">
			<subfield code="a">Neverwhere</subfield>
		</datafield>
		<datafield tag="260" ind1=" " ind2=" ">
			<subfield code="a">New York :</subfield>
			<subfield code="b">Vertigo,</subfield>
			<subfield code="c">2007.</subfield>
		</datafield>
		<datafield tag="300" ind1=" " ind2=" ">
			<subfield code="a">1 v. (unpaged) :</subfield>
			<subfield code="b">col. ill. ;</subfield>
			<subfield code="c">26 cm.</subfield>
		</datafield>
		<datafield tag="500" ind1=" " ind2=" ">
			<subfield code="a">Based on the novel by Neil Gaiman.</subfield>
		</datafield>
		<datafield tag="500" ind1=" " ind2=" ">
			<subfield code="a">Originally published in single magazine form as Neil Gaiman's Neverwhere 1-9.</subfield>
		</datafield>
		<datafield tag="650" ind1=" " ind2="0">
			<subfield code="a">Subways</subfield>
			<subfield code="z">England</subfield>
			<subfield code="z">London</subfield>
			<subfield code="v">Comic books, strips, etc.</subfield>
		</datafield>
		<datafield tag="650" ind1=" " ind2="0">
			<subfield code="a">Underground homeless persons</subfield>
			<subfield code="v">Comic books, strips, etc.</subfield>
		</datafield>
		<datafield tag="651" ind1=" " ind2="0">
			<subfield code="a">London (England)</subfield>
			<subfield code="v">Comic books, strips, etc.</subfield>
		</datafield>
		<datafield tag="655" ind1=" " ind2="0">
			<subfield code="a">Fantasy comic books, strips, etc.</subfield>
		</datafield>
		<datafield tag="655" ind1=" " ind2="0">
			<subfield code="a">Graphic novels.</subfield>
		</datafield>
		<datafield tag="700" ind1="1" ind2=" ">
			<subfield code="a">Fabry, Glenn.</subfield>
		</datafield>
		<datafield tag="700" ind1="1" ind2=" ">
			<subfield code="a">Luke, Tony.</subfield>
		</datafield>
		<datafield tag="700" ind1="1" ind2=" ">
			<subfield code="a">Gaiman, Neil.</subfield>
			<subfield code="t">Neverwhere.</subfield>
		</datafield>
	</record>