 -->
<!-- 

	<record>
		<leader>02867cam a22006617i 4500</leader>
		<controlfield tag="001">cmzwfxlk90h9wkg0</controlfield>
		<controlfield tag="003">LIBRIS</controlfield>
		<controlfield tag="005">20181227153800.0</controlfield>
		<controlfield tag="008">181227t20172017enka|||j||||||000 1|eng| </controlfield>
		<datafield tag="020" ind1=" " ind2=" ">
			<subfield code="a">9781408879238</subfield>
		</datafield>
		<datafield tag="020" ind1=" " ind2=" ">
			<subfield code="a">1408879239</subfield>
		</datafield>
		<datafield tag="020" ind1=" " ind2=" ">
			<subfield code="a">9780062399618</subfield>
		</datafield>
		<datafield tag="020" ind1=" " ind2=" ">
			<subfield code="a">0062399616</subfield>
		</datafield>
		<datafield tag="040" ind1=" " ind2=" ">
			<subfield code="a">Gbg</subfield>
			<subfield code="b">eng</subfield>
			<subfield code="c">AU@</subfield>
			<subfield code="d">Gbg</subfield>
			<subfield code="e">i</subfield>
			<subfield code="e">rda</subfield>
		</datafield>
		<datafield tag="041" ind1=" " ind2=" ">
			<subfield code="a">eng</subfield>
		</datafield>
		<datafield tag="082" ind1="0" ind2="4">
			<subfield code="a">813.6</subfield>
			<subfield code="2">23</subfield>
		</datafield>
		<datafield tag="084" ind1=" " ind2=" ">
			<subfield code="a">He (yb) ,uf</subfield>
			<subfield code="2">kssb/8</subfield>
		</datafield>
		<datafield tag="100" ind1="1" ind2=" ">
			<subfield code="a">Gaiman, Neil</subfield>
			<subfield code="e">author.</subfield>
		</datafield>
		<datafield tag="245" ind1="1" ind2="0">
			<subfield code="a">Cinnamon /</subfield>
			<subfield code="c">Neil Gaiman ; illustrated by Divya Srinivasan.</subfield>
		</datafield>
		<datafield tag="264" ind1=" " ind2="1">
			<subfield code="a">London :</subfield>
			<subfield code="b">Bloomsbury,</subfield>
			<subfield code="c">2017</subfield>
		</datafield>
		<datafield tag="264" ind1=" " ind2="4">
			<subfield code="c">c2017</subfield>
		</datafield>
		<datafield tag="300" ind1=" " ind2=" ">
			<subfield code="a">37 unnumbered pages</subfield>
			<subfield code="b">colour illustrations</subfield>
			<subfield code="c">29 cm.</subfield>
		</datafield>
		<datafield tag="336" ind1=" " ind2=" ">
			<subfield code="a">text</subfield>
			<subfield code="b">txt</subfield>
			<subfield code="2">rdacontent</subfield>
		</datafield>
		<datafield tag="336" ind1=" " ind2=" ">
			<subfield code="a">still image</subfield>
			<subfield code="b">sti</subfield>
			<subfield code="2">rdacontent</subfield>
		</datafield>
		<datafield tag="337" ind1=" " ind2=" ">
			<subfield code="a">unmediated</subfield>
			<subfield code="b">n</subfield>
			<subfield code="2">rdamedia</subfield>
		</datafield>
		<datafield tag="338" ind1=" " ind2=" ">
			<subfield code="a">volume</subfield>
			<subfield code="b">nc</subfield>
			<subfield code="2">rdacarrier</subfield>
		</datafield>
		<datafield tag="340" ind1=" " ind2=" ">
			<subfield code="b">29 cm.</subfield>
		</datafield>
		<datafield tag="500" ind1=" " ind2=" ">
			<subfield code="a">First published in the US in 2017 by HarperCollins Children's Books, New York, NY.</subfield>
		</datafield>
		<datafield tag="520" ind1=" " ind2=" ">
			<subfield code="a">The parents of pearl-eyed princess Cinnamon offer a reward to anyone who can help their daughter speak, a plea answered by an exotic tiger who arrives at the palace, armed with knowledge of the world.</subfield>
		</datafield>
		<datafield tag="599" ind1=" " ind2=" ">
			<subfield code="a">Imported from: zcat.oclc.org:210/OLUCWorldCat (Do not remove)</subfield>
		</datafield>
		<datafield tag="650" ind1=" " ind2="7">
			<subfield code="a">Stumhet</subfield>
			<subfield code="0">https://id.kb.se/term/barn/Stumhet</subfield>
			<subfield code="2">barn</subfield>
		</datafield>
		<datafield tag="650" ind1=" " ind2="7">
			<subfield code="a">Prinsessor</subfield>
			<subfield code="0">https://id.kb.se/term/barn/Prinsessor</subfield>
			<subfield code="2">barn</subfield>
		</datafield>
		<datafield tag="650" ind1=" " ind2="7">
			<subfield code="a">Tigrar</subfield>
			<subfield code="0">https://id.kb.se/term/barn/Tigrar</subfield>
			<subfield code="2">barn</subfield>
		</datafield>
		<datafield tag="650" ind1=" " ind2="0">
			<subfield code="a">Princesses</subfield>
			<subfield code="v">Juvenile fiction.</subfield>
		</datafield>
		<datafield tag="650" ind1=" " ind2="0">
			<subfield code="a">Mute persons</subfield>
			<subfield code="v">Juvenile fiction.</subfield>
		</datafield>
		<datafield tag="650" ind1=" " ind2="0">
			<subfield code="a">Tiger</subfield>
			<subfield code="v">Juvenile fiction.</subfield>
		</datafield>
		<datafield tag="655" ind1=" " ind2="7">
			<subfield code="a">Sagor</subfield>
			<subfield code="0">https://id.kb.se/term/barngf/Sagor</subfield>
			<subfield code="2">barngf</subfield>
		</datafield>
		<datafield tag="655" ind1=" " ind2="7">
			<subfield code="a">Barn- och ungdomslitteratur</subfield>
			<subfield code="0">https://id.kb.se/term/barngf/Barn-%20och%20ungdomslitteratur</subfield>
			<subfield code="2">barngf</subfield>
		</datafield>
		<datafield tag="655" ind1=" " ind2="7">
			<subfield code="a">Bilderbc̲ker</subfield>
			<subfield code="0">https://id.kb.se/term/barngf/Bilderb%C3%B6cker</subfield>
			<subfield code="2">barngf</subfield>
		</datafield>
		<datafield tag="655" ind1=" " ind2="7">
			<subfield code="a">Fairy tales.</subfield>
			<subfield code="2">lcgft</subfield>
		</datafield>
		<datafield tag="655" ind1=" " ind2="7">
			<subfield code="a">Picture books.</subfield>
			<subfield code="2">lcgft</subfield>
		</datafield>
		<datafield tag="655" ind1=" " ind2="7">
			<subfield code="a">Fiction.</subfield>
			<subfield code="2">fast</subfield>
		</datafield>
		<datafield tag="655" ind1=" " ind2="7">
			<subfield code="a">Juvenile works.</subfield>
			<subfield code="2">fast</subfield>
		</datafield>
		<datafield tag="655" ind1=" " ind2="4">
			<subfield code="0">https://id.kb.se/marc/FictionNotFurtherSpecified</subfield>
		</datafield>
		<datafield tag="700" ind1="1" ind2=" ">
			<subfield code="a">Srinivasan, Divya</subfield>
			<subfield code="e">illustrator.</subfield>
		</datafield>
		<datafield tag="841" ind1=" " ind2=" ">
			<subfield code="5">Gbg</subfield>
			<subfield code="a">x  a</subfield>
			<subfield code="b">181227||0000|||||000||||||000000</subfield>
			<subfield code="e">|</subfield>
		</datafield>
		<datafield tag="852" ind1=" " ind2=" ">
			<subfield code="5">Gbg</subfield>
			<subfield code="b">Gbg</subfield>
		</datafield>
		<datafield tag="887" ind1=" " ind2=" ">
			<subfield code="a">{"@id":"cmzwfxlk90h9wkg0","modified":"2018-12-27T15:38:00.809+01:00","checksum":"181587768711"}</subfield>
			<subfield code="2">librisxl</subfield>
		</datafield>
		<datafield tag="887" ind1=" " ind2=" ">
			<subfield code="5">Gbg</subfield>
			<subfield code="a">{"@id":"q0b8s9gvnf0ptllr","modified":"2018-12-27T15:32:54.806+01:00","checksum":"81548647187"}</subfield>
			<subfield code="2">librisxl</subfield>
		</datafield>
		<datafield tag="950" ind1=" " ind2="k">
			<subfield code="6">650</subfield>
			<subfield code="w">g</subfield>
			<subfield code="a">Lek</subfield>
			<subfield code="u">Prinsessor</subfield>
		</datafield>
		<datafield tag="950" ind1=" " ind2="s">
			<subfield code="6">650</subfield>
			<subfield code="a">Talstörningar</subfield>
			<subfield code="u">Stumhet</subfield>
		</datafield>
		<datafield tag="950" ind1=" " ind2="k">
			<subfield code="6">650</subfield>
			<subfield code="w">g</subfield>
			<subfield code="a">Funktionsnedsättning</subfield>
			<subfield code="u">Stumhet</subfield>
		</datafield>
		<datafield tag="950" ind1=" " ind2="k">
			<subfield code="6">650</subfield>
			<subfield code="w">g</subfield>
			<subfield code="a">Däggdjur</subfield>
			<subfield code="u">Tigrar</subfield>
		</datafield>
		<datafield tag="955" ind1=" " ind2="s">
			<subfield code="6">655</subfield>
			<subfield code="a">Ungdomslitteratur</subfield>
			<subfield code="u">Barn- och ungdomslitteratur</subfield>
		</datafield>
		<datafield tag="955" ind1=" " ind2="k">
			<subfield code="6">655</subfield>
			<subfield code="a">Fotografiska bilderböcker</subfield>
			<subfield code="u">Bilderböcker</subfield>
		</datafield>
		<datafield tag="955" ind1=" " ind2="k">
			<subfield code="6">655</subfield>
			<subfield code="a">Småbarnsbilderböcker</subfield>
			<subfield code="u">Bilderböcker</subfield>
		</datafield>
		<datafield tag="955" ind1=" " ind2="k">
			<subfield code="6">655</subfield>
			<subfield code="a">Pekböcker</subfield>
			<subfield code="u">Bilderböcker</subfield>
		</datafield>
		<datafield tag="976" ind1="0" ind2=" ">
			<subfield code="a">He</subfield>
			<subfield code="b">Skönlitteratur: engelska</subfield>
		</datafield>
	</record>