

 -->
	<!-- <record>
		<leader>01053cam a22002655a 4500</leader>
		<controlfield tag="001">7hswbln15568l2bs</controlfield>
		<controlfield tag="003">LIBRIS</controlfield>
		<controlfield tag="005">20181220081335.0</controlfield>
		<controlfield tag="007">cr |||   |||||         </controlfield>
		<controlfield tag="008">181220s2018    xx |||||o|||||000 0|und|d</controlfield>
		<datafield tag="020" ind1=" " ind2=" ">
			<subfield code="z">1848564961 (Print)</subfield>
		</datafield>
		<datafield tag="020" ind1=" " ind2=" ">
			<subfield code="z">9781848564961 (Print)</subfield>
		</datafield>
		<datafield tag="035" ind1=" " ind2=" ">
			<subfield code="a">(WaSeSS)ssib033397884</subfield>
		</datafield>
		<datafield tag="040" ind1=" " ind2=" ">
			<subfield code="a">SEK</subfield>
			<subfield code="e">a</subfield>
		</datafield>
		<datafield tag="041" ind1=" " ind2=" ">
			<subfield code="a">und</subfield>
		</datafield>
		<datafield tag="100" ind1="1" ind2=" ">
			<subfield code="a">Gaiman, Neil</subfield>
		</datafield>
		<datafield tag="245" ind1="1" ind2="0">
			<subfield code="a">Don't Panic : Douglas Adams & The Hitchhiker's Guide to the Galaxy</subfield>
			<subfield code="h">[Elektronisk resurs]</subfield>
		</datafield>
		<datafield tag="264" ind1=" " ind2="1">
			<subfield code="c">2018</subfield>
		</datafield>
		<datafield tag="338" ind1=" " ind2=" ">
			<subfield code="b">r</subfield>
			<subfield code="b">o</subfield>
			<subfield code="2">rdacarrier</subfield>
			<subfield code="2">rdacarrier</subfield>
		</datafield>
		<datafield tag="599" ind1=" " ind2=" ">
			<subfield code="a">WaSeSS</subfield>
		</datafield>
		<datafield tag="599" ind1=" " ind2=" ">
			<subfield code="a">Maskinellt genererad post. Ändra kod för fullständighetsnivå (leader/17), annars kommer manuellt gjorda ändringar att försvinna.</subfield>
		</datafield>
		<datafield tag="655" ind1=" " ind2="4">
			<subfield code="0">https://id.kb.se/marc/NotFictionNotFurtherSpecified</subfield>
		</datafield>
		<datafield tag="655" ind1=" " ind2="4">
			<subfield code="a">Electronic books</subfield>
		</datafield>
		<datafield tag="776" ind1="0" ind2="8">
			<subfield code="i">Print</subfield>
			<subfield code="t">Don't Panic : Douglas Adams & The Hitchhiker's Guide to the Galaxy</subfield>
			<subfield code="z">1848564961</subfield>
			<subfield code="z">9781848564961</subfield>
		</datafield>
		<datafield tag="887" ind1=" " ind2=" ">
			<subfield code="a">{"@id":"7hswbln15568l2bs","modified":"2018-12-20T08:13:35.299+01:00","checksum":"44494139932"}</subfield>
			<subfield code="2">librisxl</subfield>
		</datafield>
	</record>