

 -->
	<!-- <record>
		<leader>00956cam a22002535a 4500</leader>
		<controlfield tag="001">7hrt22w65q6wkf1v</controlfield>
		<controlfield tag="003">LIBRIS</controlfield>
		<controlfield tag="005">20181211151628.0</controlfield>
		<controlfield tag="008">181211s2018    xx_|||||||||||000 1|und|c</controlfield>
		<datafield tag="020" ind1=" " ind2=" ">
			<subfield code="a">9785171087913</subfield>
		</datafield>
		<datafield tag="035" ind1=" " ind2=" ">
			<subfield code="a">(Adlibris)9785171087913</subfield>
		</datafield>
		<datafield tag="040" ind1=" " ind2=" ">
			<subfield code="e">a</subfield>
		</datafield>
		<datafield tag="041" ind1=" " ind2=" ">
			<subfield code="a">und</subfield>
		</datafield>
		<datafield tag="100" ind1="1" ind2=" ">
			<subfield code="a">Gaiman, Neil</subfield>
		</datafield>
		<datafield tag="245" ind1="1" ind2="0">
			<subfield code="a">Koralina /</subfield>
			<subfield code="c">Neil Gaiman.</subfield>
		</datafield>
		<datafield tag="264" ind1=" " ind2="1">
			<subfield code="b">Ast,</subfield>
			<subfield code="c">2018</subfield>
		</datafield>
		<datafield tag="300" ind1=" " ind2=" ">
			<subfield code="a">224 s.</subfield>
			<subfield code="c">0 cm</subfield>
		</datafield>
		<datafield tag="340" ind1=" " ind2=" ">
			<subfield code="b">0 cm</subfield>
		</datafield>
		<datafield tag="599" ind1=" " ind2=" ">
			<subfield code="a">Maskinellt genererad post. Ändra kod för fullständighetsnivå (leader/17), annars kommer manuellt gjorda ändringar att försvinna.</subfield>
		</datafield>
		<datafield tag="655" ind1=" " ind2="4">
			<subfield code="0">https://id.kb.se/marc/FictionNotFurtherSpecified</subfield>
		</datafield>
		<datafield tag="841" ind1=" " ind2=" ">
			<subfield code="5">Gav</subfield>
			<subfield code="a">x  2</subfield>
			<subfield code="b">181211||0000|||||000||||||000000</subfield>
			<subfield code="e">|</subfield>
		</datafield>
		<datafield tag="852" ind1=" " ind2=" ">
			<subfield code="5">Gav</subfield>
			<subfield code="b">Gav</subfield>
		</datafield>
		<datafield tag="887" ind1=" " ind2=" ">
			<subfield code="a">{"@id":"7hrt22w65q6wkf1v","modified":"2018-12-11T15:16:28.244+01:00","checksum":"38862725148"}</subfield>
			<subfield code="2">librisxl</subfield>
		</datafield>
		<datafield tag="887" ind1=" " ind2=" ">
			<subfield code="5">Gav</subfield>
			<subfield code="a">{"@id":"r19cllfrpj8w8ltk","modified":"2018-12-11T13:16:58.888+01:00","checksum":"20357466468"}</subfield>
			<subfield code="2">librisxl</subfield>
		</datafield>
	</record>