


	<record>
		<leader>01968cam a22003977i 4500</leader>
		<controlfield tag="001">7hqfm29g5wlnzss2</controlfield>
		<controlfield tag="003">LIBRIS</controlfield>
		<controlfield tag="005">20181129145843.0</controlfield>
		<controlfield tag="008">181129m20142015nyua|||j||||||000 1|eng|d</controlfield>
		<datafield tag="020" ind1=" " ind2=" ">
			<subfield code="a">9780062398246</subfield>
			<subfield code="q">(hc)</subfield>
		</datafield>
		<datafield tag="020" ind1=" " ind2=" ">
			<subfield code="a">0062398245</subfield>
		</datafield>
		<datafield tag="040" ind1=" " ind2=" ">
			<subfield code="a">Lule</subfield>
			<subfield code="b">eng</subfield>
			<subfield code="c">LQU</subfield>
			<subfield code="e">i</subfield>
			<subfield code="e">rda</subfield>
		</datafield>
		<datafield tag="041" ind1=" " ind2=" ">
			<subfield code="a">eng</subfield>
		</datafield>
		<datafield tag="082" ind1="1" ind2="4">
			<subfield code="a">[Fic]</subfield>
		</datafield>
		<datafield tag="082" ind1="0" ind2="4">
			<subfield code="a">Juvenile Fiction</subfield>
		</datafield>
		<datafield tag="100" ind1="1" ind2=" ">
			<subfield code="a">Gaiman, Neil</subfield>
			<subfield code="4">aut</subfield>
			<subfield code="0">https://libris.kb.se/jgvz4n024qp1xps#it</subfield>
		</datafield>
		<datafield tag="245" ind1="1" ind2="4">
			<subfield code="a">The sleeper and the spindle /</subfield>
			<subfield code="c">Neil Gaiman ; illustrated by Chris Riddell.</subfield>
		</datafield>
		<datafield tag="250" ind1=" " ind2=" ">
			<subfield code="a">First U.S. ed.</subfield>
		</datafield>
		<datafield tag="264" ind1=" " ind2="1">
			<subfield code="a">New York, N.Y.</subfield>
			<subfield code="b">Harper,</subfield>
			<subfield code="c">2015, ♭2014</subfield>
		</datafield>
		<datafield tag="300" ind1=" " ind2=" ">
			<subfield code="a">66 pages</subfield>
			<subfield code="b">illustrations</subfield>
			<subfield code="c">27 cm</subfield>
		</datafield>
		<datafield tag="336" ind1=" " ind2=" ">
			<subfield code="a">text</subfield>
			<subfield code="b">txt</subfield>
			<subfield code="2">rdacontent</subfield>
		</datafield>
		<datafield tag="337" ind1=" " ind2=" ">
			<subfield code="a">unmediated</subfield>
			<subfield code="b">n</subfield>
			<subfield code="2">rdamedia</subfield>
		</datafield>
		<datafield tag="338" ind1=" " ind2=" ">
			<subfield code="a">volume</subfield>
			<subfield code="b">nc</subfield>
			<subfield code="2">rdacarrier</subfield>
		</datafield>
		<datafield tag="340" ind1=" " ind2=" ">
			<subfield code="b">27 cm</subfield>
		</datafield>
		<datafield tag="599" ind1=" " ind2=" ">
			<subfield code="a">Imported from: zcat.oclc.org:210/OLUCWorldCat (Do not remove)</subfield>
		</datafield>
		<datafield tag="655" ind1=" " ind2="7">
			<subfield code="a">Barn- och ungdomslitteratur</subfield>
			<subfield code="0">https://id.kb.se/term/barngf/Barn-%20och%20ungdomslitteratur</subfield>
			<subfield code="2">barngf</subfield>
		</datafield>
		<datafield tag="655" ind1=" " ind2="4">
			<subfield code="0">https://id.kb.se/marc/FictionNotFurtherSpecified</subfield>
		</datafield>
		<datafield tag="700" ind1="1" ind2=" ">
			<subfield code="a">Riddell, Chris.</subfield>
			<subfield code="4">ill</subfield>
		</datafield>
		<datafield tag="730" ind1="0" ind2=" ">
			<subfield code="a">Snow White and the seven dwarfs.</subfield>
			<subfield code="l">English.</subfield>
		</datafield>
		<datafield tag="730" ind1="0" ind2=" ">
			<subfield code="a">Sleeping Beauty.</subfield>
			<subfield code="l">English.</subfield>
		</datafield>
		<datafield tag="841" ind1=" " ind2=" ">
			<subfield code="5">Lule</subfield>
			<subfield code="a">x  a</subfield>
			<subfield code="b">181129||0000|||||000||||||000000</subfield>
			<subfield code="e">|</subfield>
		</datafield>
		<datafield tag="852" ind1=" " ind2=" ">
			<subfield code="5">Lule</subfield>
			<subfield code="b">Lule</subfield>
		</datafield>
		<datafield tag="887" ind1=" " ind2=" ">
			<subfield code="a">{"@id":"7hqfm29g5wlnzss2","modified":"2018-11-29T14:58:43.937+01:00","checksum":"86454725569"}</subfield>
			<subfield code="2">librisxl</subfield>
		</datafield>
		<datafield tag="887" ind1=" " ind2=" ">
			<subfield code="5">Lule</subfield>
			<subfield code="a">{"@id":"3cl9jh8f1tszwn1s","modified":"2018-11-29T14:58:54.665+01:00","checksum":"36273340947"}</subfield>
			<subfield code="2">librisxl</subfield>
		</datafield>
		<datafield tag="955" ind1=" " ind2="s">
			<subfield code="6">655</subfield>
			<subfield code="a">Ungdomslitteratur</subfield>
			<subfield code="u">Barn- och ungdomslitteratur</subfield>
		</datafield>
	</record>