

 -->
	<!-- <record>
		<leader>01083cam a22002775a 4500</leader>
		<controlfield tag="001">blsgrw128b51mn41</controlfield>
		<controlfield tag="003">LIBRIS</controlfield>
		<controlfield tag="005">20181120150124.0</controlfield>
		<controlfield tag="008">181120s2015    us |||||||||||000 1|eng|c</controlfield>
		<datafield tag="020" ind1=" " ind2=" ">
			<subfield code="a">9780062194824</subfield>
		</datafield>
		<datafield tag="035" ind1=" " ind2=" ">
			<subfield code="a">(Adlibris)9780062194824</subfield>
		</datafield>
		<datafield tag="040" ind1=" " ind2=" ">
			<subfield code="a">SEK</subfield>
			<subfield code="e">a</subfield>
		</datafield>
		<datafield tag="041" ind1=" " ind2=" ">
			<subfield code="a">eng</subfield>
		</datafield>
		<datafield tag="082" ind1="0" ind2="4">
			<subfield code="a">800</subfield>
			<subfield code="2">22 (machine generated)</subfield>
		</datafield>
		<datafield tag="084" ind1=" " ind2=" ">
			<subfield code="a">H</subfield>
			<subfield code="2">kssb/8</subfield>
		</datafield>
		<datafield tag="100" ind1="1" ind2=" ">
			<subfield code="a">Gaiman, Neil</subfield>
		</datafield>
		<datafield tag="245" ind1="1" ind2="0">
			<subfield code="a">The Graveyard Book Graphic Novel: Volume 1 /</subfield>
			<subfield code="c">Neil Gaiman.</subfield>
		</datafield>
		<datafield tag="264" ind1=" " ind2="1">
			<subfield code="b">Harpercollins,</subfield>
			<subfield code="c">2015</subfield>
		</datafield>
		<datafield tag="300" ind1=" " ind2=" ">
			<subfield code="a">192 s.</subfield>
			<subfield code="c">1.5 cm</subfield>
		</datafield>
		<datafield tag="340" ind1=" " ind2=" ">
			<subfield code="b">1.5 cm</subfield>
		</datafield>
		<datafield tag="599" ind1=" " ind2=" ">
			<subfield code="a">Maskinellt genererad post. Ändra kod för fullständighetsnivå (leader/17), annars kommer manuellt gjorda ändringar att försvinna.</subfield>
		</datafield>
		<datafield tag="655" ind1=" " ind2="4">
			<subfield code="0">https://id.kb.se/marc/FictionNotFurtherSpecified</subfield>
		</datafield>
		<datafield tag="841" ind1=" " ind2=" ">
			<subfield code="5">Um</subfield>
			<subfield code="a">x  2</subfield>
			<subfield code="b">181120||0000|||||000||||||000000</subfield>
			<subfield code="e">|</subfield>
		</datafield>
		<datafield tag="852" ind1=" " ind2=" ">
			<subfield code="5">Um</subfield>
			<subfield code="b">Um</subfield>
			<subfield code="h">Serier</subfield>
		</datafield>
		<datafield tag="887" ind1=" " ind2=" ">
			<subfield code="a">{"@id":"blsgrw128b51mn41","modified":"2018-11-20T15:01:24.449+01:00","checksum":"32333741341"}</subfield>
			<subfield code="2">librisxl</subfield>
		</datafield>
		<datafield tag="887" ind1=" " ind2=" ">
			<subfield code="5">Um</subfield>
			<subfield code="a">{"@id":"2bj6hmrv018qmrlk","modified":"2018-11-20T15:01:24.487+01:00","checksum":"19682827136"}</subfield>
			<subfield code="2">librisxl</subfield>
		</datafield>
	</record>