
 -->
<!-- 	<record>
		<leader>01065cam a2200277 a 4500</leader>
		<controlfield tag="001">644046</controlfield>
		<controlfield tag="005">20180212085727.0</controlfield>
		<controlfield tag="008">930805s1992    ag       b    000 0 spa  </controlfield>
		<datafield tag="906" ind1=" " ind2=" ">
			<subfield code="a">7</subfield>
			<subfield code="b">cbc</subfield>
			<subfield code="c">orignew</subfield>
			<subfield code="d">2</subfield>
			<subfield code="e">ncip</subfield>
			<subfield code="f">19</subfield>
			<subfield code="g">y-gencatlg</subfield>
		</datafield>
		<datafield tag="955" ind1=" " ind2=" ">
			<subfield code="a">ud02 to HLCD 08-05-93;lg23 to lg07 08-21-93; lg07 to SL 10-22-93; lg15 10-26-93 to DDC</subfield>
		</datafield>
		<datafield tag="010" ind1=" " ind2=" ">
			<subfield code="a">   93187718 </subfield>
		</datafield>
		<datafield tag="020" ind1=" " ind2=" ">
			<subfield code="a">9879902513</subfield>
		</datafield>
		<datafield tag="035" ind1=" " ind2=" ">
			<subfield code="9">(DLC)   93187718</subfield>
		</datafield>
		<datafield tag="040" ind1=" " ind2=" ">
			<subfield code="a">DLC</subfield>
			<subfield code="c">DLC</subfield>
			<subfield code="d">DLC</subfield>
		</datafield>
		<datafield tag="050" ind1="0" ind2="0">
			<subfield code="a">PN479</subfield>
			<subfield code="b">.E82 1992</subfield>
		</datafield>
		<datafield tag="082" ind1="0" ind2="0">
			<subfield code="a">809/.89287</subfield>
			<subfield code="2">20</subfield>
		</datafield>
		<datafield tag="245" ind1="0" ind2="0">
			<subfield code="a">Escritoras y escritura /</subfield>
			<subfield code="c">Ursula K. Le Guin y Angélica Gorodischer.</subfield>
		</datafield>
		<datafield tag="260" ind1=" " ind2=" ">
			<subfield code="a">Buenos Aires, Argentina :</subfield>
			<subfield code="b">Feminaria Editora,</subfield>
			<subfield code="c">[1992]</subfield>
		</datafield>
		<datafield tag="300" ind1=" " ind2=" ">
			<subfield code="a">50 p. ;</subfield>
			<subfield code="c">20 cm.</subfield>
		</datafield>
		<datafield tag="504" ind1=" " ind2=" ">
			<subfield code="a">Includes bibliographical references.</subfield>
		</datafield>
		<datafield tag="650" ind1=" " ind2="0">
			<subfield code="a">Women authors.</subfield>
		</datafield>
		<datafield tag="700" ind1="1" ind2="2">
			<subfield code="a">Le Guin, Ursula K.,</subfield>
			<subfield code="d">1929-2018.</subfield>
			<subfield code="t">Hija de la pescadora.</subfield>
			<subfield code="f">1992.</subfield>
		</datafield>
		<datafield tag="700" ind1="1" ind2="2">
			<subfield code="a">Gorodischer, Angélica.</subfield>
			<subfield code="t">Señoras.</subfield>
			<subfield code="f">1992.</subfield>
		</datafield>
		<datafield tag="922" ind1=" " ind2=" ">
			<subfield code="a">ap</subfield>
		</datafield>
		<datafield tag="991" ind1=" " ind2=" ">
			<subfield code="b">c-GenColl</subfield>
			<subfield code="h">PN479</subfield>
			<subfield code="i">.E82 1992</subfield>
			<subfield code="p">00039457386</subfield>
			<subfield code="t">Copy 1</subfield>
			<subfield code="w">BOOKS</subfield>
		</datafield>
	</record>