
 -->
<!-- <record>
		<leader>01196ccm a2200301 a 4500</leader>
		<controlfield tag="001">5599169</controlfield>
		<controlfield tag="005">20180212084833.0</controlfield>
		<controlfield tag="008">860619s1985    causga         n    eng  </controlfield>
		<datafield tag="035" ind1=" " ind2=" ">
			<subfield code="9">(DLC)   86752925</subfield>
		</datafield>
		<datafield tag="906" ind1=" " ind2=" ">
			<subfield code="a">7</subfield>
			<subfield code="b">cbc</subfield>
			<subfield code="c">orignew</subfield>
			<subfield code="d">3</subfield>
			<subfield code="e">ncip</subfield>
			<subfield code="f">19</subfield>
			<subfield code="g">y-genmusic</subfield>
		</datafield>
		<datafield tag="010" ind1=" " ind2=" ">
			<subfield code="a">   86752925 </subfield>
		</datafield>
		<datafield tag="040" ind1=" " ind2=" ">
			<subfield code="a">DLC</subfield>
			<subfield code="c">DLC</subfield>
			<subfield code="d">DLC</subfield>
		</datafield>
		<datafield tag="045" ind1="0" ind2=" ">
			<subfield code="b">d1983</subfield>
		</datafield>
		<datafield tag="048" ind1=" " ind2=" ">
			<subfield code="b">vb01</subfield>
			<subfield code="a">wa01</subfield>
			<subfield code="a">sa01</subfield>
			<subfield code="a">ka01</subfield>
			<subfield code="a">pn01</subfield>
		</datafield>
		<datafield tag="050" ind1="0" ind2="0">
			<subfield code="a">M1613.3.A759</subfield>
			<subfield code="b">L6 1985</subfield>
		</datafield>
		<datafield tag="100" ind1="1" ind2=" ">
			<subfield code="a">Armer, Elinor.</subfield>
		</datafield>
		<datafield tag="245" ind1="1" ind2="0">
			<subfield code="a">Lockerbones/airbones :</subfield>
			<subfield code="b">for mezzo soprano, flute, violin, piano, and percussion /</subfield>
			<subfield code="c">Elinor Armer ; texts by Ursula K. Le Guin.</subfield>
		</datafield>
		<datafield tag="260" ind1=" " ind2=" ">
			<subfield code="a">Berkeley, Calif. :</subfield>
			<subfield code="b">Fallen Leaf Press,</subfield>
			<subfield code="c">c1985.</subfield>
		</datafield>
		<datafield tag="300" ind1=" " ind2=" ">
			<subfield code="a">1 score (24 p.) ;</subfield>
			<subfield code="c">31 cm.</subfield>
		</datafield>
		<datafield tag="440" ind1=" " ind2="0">
			<subfield code="a">Fallen Leaf publications in contemporary music,</subfield>
			<subfield code="x">8755-2698 ;</subfield>
			<subfield code="v">no. 2</subfield>
		</datafield>
		<datafield tag="500" ind1=" " ind2=" ">
			<subfield code="a">Requires 1-2 percussionists.</subfield>
		</datafield>
		<datafield tag="650" ind1=" " ind2="0">
			<subfield code="a">Songs (Medium voice) with instrumental ensemble</subfield>
			<subfield code="v">Scores.</subfield>
		</datafield>
		<datafield tag="600" ind1="1" ind2="0">
			<subfield code="a">Le Guin, Ursula K.,</subfield>
			<subfield code="d">1929-2018</subfield>
			<subfield code="v">Musical settings.</subfield>
		</datafield>
		<datafield tag="700" ind1="1" ind2=" ">
			<subfield code="a">Le Guin, Ursula K.,</subfield>
			<subfield code="d">1929-2018.</subfield>
		</datafield>
		<datafield tag="952" ind1=" " ind2=" ">
			<subfield code="a">Series chgd., vk18 10-29-86.</subfield>
		</datafield>
		<datafield tag="953" ind1=" " ind2=" ">
			<subfield code="a">TA28</subfield>
		</datafield>
		<datafield tag="991" ind1=" " ind2=" ">
			<subfield code="b">c-Music</subfield>
			<subfield code="h">M1613.3.A759</subfield>
			<subfield code="i">L6 1985</subfield>
			<subfield code="t">Copy 1</subfield>
			<subfield code="w">MUSIC</subfield>
		</datafield>
	</record>