 -->


	<!-- <record>
		<leader>01943cam a2200349 a 4500</leader>
		<controlfield tag="001">1634243</controlfield>
		<controlfield tag="005">20180212084643.0</controlfield>
		<controlfield tag="008">960327s1996    txu           000 0 mul  </controlfield>
		<datafield tag="906" ind1=" " ind2=" ">
			<subfield code="a">7</subfield>
			<subfield code="b">cbc</subfield>
			<subfield code="c">orignew</subfield>
			<subfield code="d">1</subfield>
			<subfield code="e">ocip</subfield>
			<subfield code="f">19</subfield>
			<subfield code="g">y-gencatlg</subfield>
		</datafield>
		<datafield tag="925" ind1="0" ind2=" ">
			<subfield code="a">acquire</subfield>
			<subfield code="b">1 shelf copy</subfield>
			<subfield code="x">policy default</subfield>
		</datafield>
		<datafield tag="955" ind1=" " ind2=" ">
			<subfield code="a">pc17 to la00 03-27-96; lc04 (desc.) 03-27-96; lc05 03-30-96; lg15 04-03-96 to DDC; CIP Ver.: lc22 8-6-97</subfield>
		</datafield>
		<datafield tag="010" ind1=" " ind2=" ">
			<subfield code="a">   96016944 </subfield>
		</datafield>
		<datafield tag="020" ind1=" " ind2=" ">
			<subfield code="a">1558851704 (cloth : alk. paper)</subfield>
		</datafield>
		<datafield tag="020" ind1=" " ind2=" ">
			<subfield code="a">1558851798 (pbk. : alk. paper)</subfield>
		</datafield>
		<datafield tag="035" ind1=" " ind2=" ">
			<subfield code="9">(DLC)   96016944</subfield>
		</datafield>
		<datafield tag="040" ind1=" " ind2=" ">
			<subfield code="a">DLC</subfield>
			<subfield code="c">DLC</subfield>
			<subfield code="d">DLC</subfield>
		</datafield>
		<datafield tag="041" ind1="0" ind2=" ">
			<subfield code="a">eng</subfield>
			<subfield code="a">spa</subfield>
		</datafield>
		<datafield tag="050" ind1="0" ind2="0">
			<subfield code="a">PQ7798.12.E3943</subfield>
			<subfield code="b">A24 1996</subfield>
		</datafield>
		<datafield tag="082" ind1="0" ind2="0">
			<subfield code="a">861</subfield>
			<subfield code="2">20</subfield>
		</datafield>
		<datafield tag="100" ind1="1" ind2=" ">
			<subfield code="a">Bellessi, Diana,</subfield>
			<subfield code="d">1946-</subfield>
		</datafield>
		<datafield tag="245" ind1="1" ind2="4">
			<subfield code="a">The twins, the dream :</subfield>
			<subfield code="b">two voices = Las gemelas, el sueño : dos voces.</subfield>
		</datafield>
		<datafield tag="246" ind1="3" ind2="1">
			<subfield code="a">Gemelas, el sueño</subfield>
		</datafield>
		<datafield tag="260" ind1=" " ind2=" ">
			<subfield code="a">Houston :</subfield>
			<subfield code="b">Arte Público Press,</subfield>
			<subfield code="c">1996.</subfield>
		</datafield>
		<datafield tag="300" ind1=" " ind2=" ">
			<subfield code="a">225 p. ;</subfield>
			<subfield code="c">23 cm.</subfield>
		</datafield>
		<datafield tag="500" ind1=" " ind2=" ">
			<subfield code="a">English and Spanish on opposite pages.</subfield>
		</datafield>
		<datafield tag="600" ind1="1" ind2="0">
			<subfield code="a">Bellessi, Diana,</subfield>
			<subfield code="d">1946-</subfield>
			<subfield code="v">Translations into English.</subfield>
		</datafield>
		<datafield tag="600" ind1="1" ind2="0">
			<subfield code="a">Le Guin, Ursula K.,</subfield>
			<subfield code="d">1929-2018</subfield>
			<subfield code="v">Translations into Spanish.</subfield>
		</datafield>
		<datafield tag="700" ind1="1" ind2=" ">
			<subfield code="a">Le Guin, Ursula K.,</subfield>
			<subfield code="d">1929-2018.</subfield>
		</datafield>
		<datafield tag="920" ind1=" " ind2=" ">
			<subfield code="a">**LC HAS REQ'D # OF SHELF COPIES**</subfield>
		</datafield>
		<datafield tag="991" ind1=" " ind2=" ">
			<subfield code="b">c-GenColl</subfield>
			<subfield code="h">PQ7798.12.E3943</subfield>
			<subfield code="i">A24 1996</subfield>
			<subfield code="p">0003999396A</subfield>
			<subfield code="t">Copy 1</subfield>
			<subfield code="w">BOOKS</subfield>
		</datafield>
	</record>