

 -->
	<!-- <record>
		<leader>01165cam a2200301 a 4500</leader>
		<controlfield tag="001">4750278</controlfield>
		<controlfield tag="005">20180212085729.0</controlfield>
		<controlfield tag="008">850403s1985    cau           000 0 eng  </controlfield>
		<datafield tag="906" ind1=" " ind2=" ">
			<subfield code="a">7</subfield>
			<subfield code="b">cbc</subfield>
			<subfield code="c">orignew</subfield>
			<subfield code="d">1</subfield>
			<subfield code="e">ocip</subfield>
			<subfield code="f">19</subfield>
			<subfield code="g">y-gencatlg</subfield>
		</datafield>
		<datafield tag="010" ind1=" " ind2=" ">
			<subfield code="a">   85007872 </subfield>
		</datafield>
		<datafield tag="020" ind1=" " ind2=" ">
			<subfield code="a">0884962369 (pbk.) :</subfield>
			<subfield code="c">$9.50</subfield>
		</datafield>
		<datafield tag="035" ind1=" " ind2=" ">
			<subfield code="9">(DLC)   85007872</subfield>
		</datafield>
		<datafield tag="040" ind1=" " ind2=" ">
			<subfield code="a">DLC</subfield>
			<subfield code="c">DLC</subfield>
			<subfield code="d">DLC</subfield>
			<subfield code="d">WaU</subfield>
			<subfield code="d">DLC</subfield>
		</datafield>
		<datafield tag="050" ind1="0" ind2="0">
			<subfield code="a">PN1997.A1</subfield>
			<subfield code="b">C37 1985</subfield>
		</datafield>
		<datafield tag="082" ind1="0" ind2="0">
			<subfield code="a">791.43/75</subfield>
			<subfield code="2">19</subfield>
		</datafield>
		<datafield tag="100" ind1="1" ind2=" ">
			<subfield code="a">Carver, Raymond,</subfield>
			<subfield code="d">1938-1988.</subfield>
		</datafield>
		<datafield tag="245" ind1="1" ind2="0">
			<subfield code="a">Dostoevsky :</subfield>
			<subfield code="b">a screenplay /</subfield>
			<subfield code="c">Raymond Carver, Tess Gallagher. King dog : a screenplay / Ursula K. Le Guin.</subfield>
		</datafield>
		<datafield tag="260" ind1=" " ind2=" ">
			<subfield code="a">Santa Barbara, Calif. :</subfield>
			<subfield code="b">Capra Press,</subfield>
			<subfield code="c">1985.</subfield>
		</datafield>
		<datafield tag="300" ind1=" " ind2=" ">
			<subfield code="a">111, 125 p. ;</subfield>
			<subfield code="c">19 cm.</subfield>
		</datafield>
		<datafield tag="490" ind1="0" ind2=" ">
			<subfield code="a">Capra back-to-back series ;</subfield>
			<subfield code="v">v. 5</subfield>
		</datafield>
		<datafield tag="500" ind1=" " ind2=" ">
			<subfield code="a">No collective t.p.; titles transcribed from individual title pages.</subfield>
		</datafield>
		<datafield tag="500" ind1=" " ind2=" ">
			<subfield code="a">Texts bound together back-to-back and inverted.</subfield>
		</datafield>
		<datafield tag="650" ind1=" " ind2="0">
			<subfield code="a">Motion picture plays, American.</subfield>
		</datafield>
		<datafield tag="600" ind1="1" ind2="0">
			<subfield code="a">Dostoyevsky, Fyodor,</subfield>
			<subfield code="d">1821-1881</subfield>
			<subfield code="v">Drama.</subfield>
		</datafield>
		<datafield tag="700" ind1="1" ind2=" ">
			<subfield code="a">Gallagher, Tess.</subfield>
		</datafield>
		<datafield tag="700" ind1="1" ind2="2">
			<subfield code="a">Le Guin, Ursula K.,</subfield>
			<subfield code="d">1929-2018.</subfield>
			<subfield code="t">King dog.</subfield>
			<subfield code="f">1985.</subfield>
		</datafield>
		<datafield tag="740" ind1="0" ind2=" ">
			<subfield code="a">King dog.</subfield>
		</datafield>
		<datafield tag="991" ind1=" " ind2=" ">
			<subfield code="b">c-GenColl</subfield>
			<subfield code="h">PN1997.A1</subfield>
			<subfield code="i">C37 1985</subfield>
			<subfield code="p">00019905366</subfield>
			<subfield code="t">Copy 1</subfield>
			<subfield code="w">BOOKS</subfield>
		</datafield>
	</record>