
 -->

<!-- 	<record>
		<leader>01254cam a2200301 a 4500</leader>
		<controlfield tag="001">13147754</controlfield>
		<controlfield tag="005">20181016134938.0</controlfield>
		<controlfield tag="008">030404s2003    mau           000 1 eng  </controlfield>
		<datafield tag="906" ind1=" " ind2=" ">
			<subfield code="a">7</subfield>
			<subfield code="b">cbc</subfield>
			<subfield code="c">orignew</subfield>
			<subfield code="d">2</subfield>
			<subfield code="e">epcn</subfield>
			<subfield code="f">20</subfield>
			<subfield code="g">y-gencatlg</subfield>
		</datafield>
		<datafield tag="925" ind1="0" ind2=" ">
			<subfield code="a">acquire</subfield>
			<subfield code="b">1 shelf copy</subfield>
			<subfield code="x">policy default</subfield>
		</datafield>
		<datafield tag="925" ind1="1" ind2=" ">
			<subfield code="a">acquire</subfield>
			<subfield code="b">2 shelf copies</subfield>
			<subfield code="x">policy default</subfield>
		</datafield>
		<datafield tag="955" ind1=" " ind2=" ">
			<subfield code="a">pc17 2003-04-04</subfield>
			<subfield code="a">pv24 2004-03-25 to HLCD</subfield>
			<subfield code="i">lc09 2004-04-19</subfield>
			<subfield code="e">lc03 2004-04-19 to Dewey</subfield>
			<subfield code="a">aa25 2004-05-13;</subfield>
			<subfield code="e">lf29 2004-07-27 c. 2 to BCCD</subfield>
		</datafield>
		<datafield tag="010" ind1=" " ind2=" ">
			<subfield code="a">  2003105105</subfield>
		</datafield>
		<datafield tag="020" ind1=" " ind2=" ">
			<subfield code="a">1931520054</subfield>
		</datafield>
		<datafield tag="035" ind1=" " ind2=" ">
			<subfield code="a">(DLC)  2003105105</subfield>
		</datafield>
		<datafield tag="040" ind1=" " ind2=" ">
			<subfield code="a">DLC</subfield>
			<subfield code="c">DLC</subfield>
			<subfield code="d">DLC</subfield>
		</datafield>
		<datafield tag="041" ind1="1" ind2=" ">
			<subfield code="a">eng</subfield>
			<subfield code="h">spa</subfield>
		</datafield>
		<datafield tag="050" ind1="0" ind2="0">
			<subfield code="a">PQ7798.17.O73</subfield>
			<subfield code="b">K313 2003</subfield>
		</datafield>
		<datafield tag="082" ind1="0" ind2="0">
			<subfield code="a">863/.64</subfield>
			<subfield code="2">22</subfield>
		</datafield>
		<datafield tag="100" ind1="1" ind2=" ">
			<subfield code="a">Gorodischer, Angélica.</subfield>
		</datafield>
		<datafield tag="240" ind1="1" ind2="0">
			<subfield code="a">Kalpa imperial.</subfield>
			<subfield code="l">English</subfield>
		</datafield>
		<datafield tag="245" ind1="1" ind2="0">
			<subfield code="a">Kalpa imperial :</subfield>
			<subfield code="b">the greatest empire that never was /</subfield>
			<subfield code="c">Angelica Gorodischer ; translated by Ursula K. Le Guin.</subfield>
		</datafield>
		<datafield tag="250" ind1=" " ind2=" ">
			<subfield code="a">1st ed.</subfield>
		</datafield>
		<datafield tag="260" ind1=" " ind2=" ">
			<subfield code="a">Northampton, MA :</subfield>
			<subfield code="b">Small Beer Press,</subfield>
			<subfield code="c">c2003.</subfield>
		</datafield>
		<datafield tag="300" ind1=" " ind2=" ">
			<subfield code="a">246 p. ;</subfield>
			<subfield code="c">22 cm.</subfield>
		</datafield>
		<datafield tag="700" ind1="1" ind2=" ">
			<subfield code="a">Le Guin, Ursula K.,</subfield>
			<subfield code="d">1929-2018.</subfield>
		</datafield>
		<datafield tag="856" ind1="4" ind2="2">
			<subfield code="3">Publisher description</subfield>
			<subfield code="u">http://www.loc.gov/catdir/enhancements/fy1007/2003105105-d.html</subfield>
		</datafield>
		<datafield tag="856" ind1="4" ind2="2">
			<subfield code="3">Contributor biographical information</subfield>
			<subfield code="u">http://www.loc.gov/catdir/enhancements/fy1007/2003105105-b.html</subfield>
		</datafield>
	</record>