
 -->

	<!-- <record>
		<leader>01149cam a2200313 a 4500</leader>
		<controlfield tag="001">4962265</controlfield>
		<controlfield tag="005">20180212085640.0</controlfield>
		<controlfield tag="008">970423s1997    mau           000 0 eng  </controlfield>
		<datafield tag="906" ind1=" " ind2=" ">
			<subfield code="a">7</subfield>
			<subfield code="b">cbc</subfield>
			<subfield code="c">orignew</subfield>
			<subfield code="d">1</subfield>
			<subfield code="e">ocip</subfield>
			<subfield code="f">19</subfield>
			<subfield code="g">y-gencatlg</subfield>
		</datafield>
		<datafield tag="925" ind1="0" ind2=" ">
			<subfield code="a">acquire</subfield>
			<subfield code="b">1 shelf copy</subfield>
			<subfield code="x">policy default</subfield>
		</datafield>
		<datafield tag="955" ind1=" " ind2=" ">
			<subfield code="a">pc21 to ya00 04-24-97; yb08 04-24-97; yb15 04-30-97; yb30 04-30-97;aa05 05-05-97; CIP ver. yj03 10-03-97</subfield>
		</datafield>
		<datafield tag="010" ind1=" " ind2=" ">
			<subfield code="a">   97018942 </subfield>
		</datafield>
		<datafield tag="020" ind1=" " ind2=" ">
			<subfield code="a">1570623333</subfield>
		</datafield>
		<datafield tag="035" ind1=" " ind2=" ">
			<subfield code="9">(DLC)   97018942</subfield>
		</datafield>
		<datafield tag="040" ind1=" " ind2=" ">
			<subfield code="a">DLC</subfield>
			<subfield code="c">DLC</subfield>
			<subfield code="d">DLC</subfield>
		</datafield>
		<datafield tag="041" ind1="1" ind2=" ">
			<subfield code="a">eng</subfield>
			<subfield code="h">chi</subfield>
		</datafield>
		<datafield tag="050" ind1="0" ind2="0">
			<subfield code="a">BL1900.L26</subfield>
			<subfield code="b">E5 1997a</subfield>
		</datafield>
		<datafield tag="082" ind1="0" ind2="0">
			<subfield code="a">299/.51482</subfield>
			<subfield code="2">21</subfield>
		</datafield>
		<datafield tag="100" ind1="0" ind2=" ">
			<subfield code="a">Laozi.</subfield>
		</datafield>
		<datafield tag="240" ind1="1" ind2="0">
			<subfield code="a">Dao de jing.</subfield>
			<subfield code="l">English</subfield>
		</datafield>
		<datafield tag="245" ind1="1" ind2="0">
			<subfield code="a">Tao te ching :</subfield>
			<subfield code="b">a book about the way and the power of the way /</subfield>
			<subfield code="c">a new English version by Ursula K.Le Guin with the collaboration of J. P. Seaton.</subfield>
		</datafield>
		<datafield tag="250" ind1=" " ind2=" ">
			<subfield code="a">1st ed.</subfield>
		</datafield>
		<datafield tag="260" ind1=" " ind2=" ">
			<subfield code="a">Boston :</subfield>
			<subfield code="b">Shambhala,</subfield>
			<subfield code="c">1997.</subfield>
		</datafield>
		<datafield tag="300" ind1=" " ind2=" ">
			<subfield code="a">125 p. ;</subfield>
			<subfield code="c">23 cm.</subfield>
		</datafield>
		<datafield tag="700" ind1="1" ind2=" ">
			<subfield code="a">Le Guin, Ursula K.,</subfield>
			<subfield code="d">1929-2018.</subfield>
		</datafield>
		<datafield tag="700" ind1="1" ind2=" ">
			<subfield code="a">Seaton, Jerome P.</subfield>
		</datafield>
		<datafield tag="920" ind1=" " ind2=" ">
			<subfield code="a">** LC HAS REQ'D # OF SHELF COPIES **</subfield>
		</datafield>
		<datafield tag="987" ind1=" " ind2=" ">
			<subfield code="a">PINYIN</subfield>
			<subfield code="b">DLC</subfield>
			<subfield code="c">20030326</subfield>
			<subfield code="d">c</subfield>
		</datafield>
		<datafield tag="991" ind1=" " ind2=" ">
			<subfield code="b">c-GenColl</subfield>
			<subfield code="h">BL1900.L26</subfield>
			<subfield code="i">E5 1997a</subfield>
			<subfield code="p">0005793931A</subfield>
			<subfield code="t">Copy 1</subfield>
			<subfield code="w">BOOKS</subfield>
		</datafield>
	</record>