
 -->

	<!-- <record>
		<leader>00942nam a22002655i 4500</leader>
		<controlfield tag="001">20598381</controlfield>
		<controlfield tag="005">20180724181133.0</controlfield>
		<controlfield tag="008">180724s2019    nyu           000 0 eng  </controlfield>
		<datafield tag="906" ind1=" " ind2=" ">
			<subfield code="a">0</subfield>
			<subfield code="b">ibc</subfield>
			<subfield code="c">orignew</subfield>
			<subfield code="d">2</subfield>
			<subfield code="e">epcn</subfield>
			<subfield code="f">20</subfield>
			<subfield code="g">y-gencatlg</subfield>
		</datafield>
		<datafield tag="925" ind1="0" ind2=" ">
			<subfield code="a">acquire</subfield>
			<subfield code="b">1 shelf copy</subfield>
			<subfield code="x">policy default</subfield>
		</datafield>
		<datafield tag="955" ind1=" " ind2=" ">
			<subfield code="a">pc25 2018-07-24</subfield>
		</datafield>
		<datafield tag="010" ind1=" " ind2=" ">
			<subfield code="a">  2018952816</subfield>
		</datafield>
		<datafield tag="020" ind1=" " ind2=" ">
			<subfield code="a">9781598536034 (alk. paper)</subfield>
		</datafield>
		<datafield tag="040" ind1=" " ind2=" ">
			<subfield code="a">DLC</subfield>
			<subfield code="b">eng</subfield>
			<subfield code="e">rda</subfield>
			<subfield code="c">DLC</subfield>
		</datafield>
		<datafield tag="042" ind1=" " ind2=" ">
			<subfield code="a">pcc</subfield>
		</datafield>
		<datafield tag="100" ind1="1" ind2=" ">
			<subfield code="a">Le Guin, Ursula K.</subfield>
		</datafield>
		<datafield tag="245" ind1="1" ind2="0">
			<subfield code="a">Always coming home</subfield>
			<subfield code="c">Ursula K. Le Guin ; [edited by] Brian Attebery.</subfield>
		</datafield>
		<datafield tag="263" ind1=" " ind2=" ">
			<subfield code="a">1902</subfield>
		</datafield>
		<datafield tag="264" ind1=" " ind2="1">
			<subfield code="a">New York, NY :</subfield>
			<subfield code="b">Literary Classics of the United States, Inc.,</subfield>
			<subfield code="c">2019.</subfield>
		</datafield>
		<datafield tag="300" ind1=" " ind2=" ">
			<subfield code="a">pages cm</subfield>
		</datafield>
		<datafield tag="336" ind1=" " ind2=" ">
			<subfield code="a">text</subfield>
			<subfield code="b">txt</subfield>
			<subfield code="2">rdacontent</subfield>
		</datafield>
		<datafield tag="337" ind1=" " ind2=" ">
			<subfield code="a">unmediated</subfield>
			<subfield code="b">n</subfield>
			<subfield code="2">rdamedia</subfield>
		</datafield>
		<datafield tag="338" ind1=" " ind2=" ">
			<subfield code="a">volume</subfield>
			<subfield code="b">nc</subfield>
			<subfield code="2">rdacarrier</subfield>
		</datafield>
		<datafield tag="490" ind1="0" ind2=" ">
			<subfield code="a">Library of america ;</subfield>
			<subfield code="v">315</subfield>
		</datafield>
		<datafield tag="963" ind1=" " ind2=" ">
			<subfield code="a">Trish Hoard; phone: (212) 3083360; fax: (212) 7508352; email: thoard@loa.org; bc: lgazlay@loa.org</subfield>
		</datafield>
	</record>