
 -->

	<!-- <record>
		<leader>01438cam a2200313 a 4500</leader>
		<controlfield tag="001">2355484</controlfield>
		<controlfield tag="005">20180212085518.0</controlfield>
		<controlfield tag="008">840315s1982    vaua   j      000 1 eng  </controlfield>
		<datafield tag="906" ind1=" " ind2=" ">
			<subfield code="a">7</subfield>
			<subfield code="b">cbc</subfield>
			<subfield code="c">orignew</subfield>
			<subfield code="d">2</subfield>
			<subfield code="e">ncip</subfield>
			<subfield code="f">19</subfield>
			<subfield code="g">y-gencatlg</subfield>
		</datafield>
		<datafield tag="010" ind1=" " ind2=" ">
			<subfield code="a">   83130761 </subfield>
		</datafield>
		<datafield tag="035" ind1=" " ind2=" ">
			<subfield code="9">(DLC)   83130761</subfield>
		</datafield>
		<datafield tag="040" ind1=" " ind2=" ">
			<subfield code="a">DLC</subfield>
			<subfield code="c">DLC</subfield>
			<subfield code="d">DLC</subfield>
		</datafield>
		<datafield tag="042" ind1=" " ind2=" ">
			<subfield code="a">lcac</subfield>
		</datafield>
		<datafield tag="050" ind1="0" ind2="0">
			<subfield code="a">PZ7.L5215</subfield>
			<subfield code="b">Ad 1982</subfield>
		</datafield>
		<datafield tag="051" ind1=" " ind2=" ">
			<subfield code="a">PZ7.L5215</subfield>
			<subfield code="b">Ad 1982</subfield>
			<subfield code="c">Copy 2.</subfield>
		</datafield>
		<datafield tag="082" ind1="0" ind2="0">
			<subfield code="a">Fic</subfield>
			<subfield code="2">19</subfield>
		</datafield>
		<datafield tag="100" ind1="1" ind2=" ">
			<subfield code="a">Le Guin, Ursula K.,</subfield>
			<subfield code="d">1929-2018.</subfield>
		</datafield>
		<datafield tag="245" ind1="1" ind2="4">
			<subfield code="a">The adventure of Cobbler's rune /</subfield>
			<subfield code="c">by Ursula K. Le Guin ; illustrated by Alicia Austin.</subfield>
		</datafield>
		<datafield tag="260" ind1=" " ind2=" ">
			<subfield code="a">New Castle [Va.] (Route. 2, Box 293, New Castle, Va. 24127) :</subfield>
			<subfield code="b">Cheap Street,</subfield>
			<subfield code="c">c1982.</subfield>
		</datafield>
		<datafield tag="300" ind1=" " ind2=" ">
			<subfield code="a">32 p. :</subfield>
			<subfield code="b">ill. ;</subfield>
			<subfield code="c">24 cm.</subfield>
		</datafield>
		<datafield tag="500" ind1=" " ind2=" ">
			<subfield code="a">At head of title: Adventures in Kroy.</subfield>
		</datafield>
		<datafield tag="520" ind1=" " ind2=" ">
			<subfield code="a">In Kroy, a country whose inhabitants are mostly horses, Cobbler, a young, scatterbrained, horse leads the fight against the Milts of neighboring Miltland who plan to enslave the citizens of Kroy.</subfield>
		</datafield>
		<datafield tag="650" ind1=" " ind2="1">
			<subfield code="a">Fantasy.</subfield>
		</datafield>
		<datafield tag="650" ind1=" " ind2="1">
			<subfield code="a">Horses</subfield>
			<subfield code="x">Fiction.</subfield>
		</datafield>
		<datafield tag="700" ind1="1" ind2=" ">
			<subfield code="a">Austin, Alicia,</subfield>
			<subfield code="e">ill.</subfield>
		</datafield>
		<datafield tag="740" ind1="0" ind2=" ">
			<subfield code="a">Adventures in Kroy.</subfield>
		</datafield>
		<datafield tag="991" ind1=" " ind2=" ">
			<subfield code="b">c-RareBook</subfield>
			<subfield code="h">PZ7.L5215</subfield>
			<subfield code="i">Ad 1982</subfield>
			<subfield code="t">Copy 1</subfield>
			<subfield code="w">BOOKS</subfield>
		</datafield>
		<datafield tag="991" ind1=" " ind2=" ">
			<subfield code="b">c-GenColl</subfield>
			<subfield code="h">PZ7.L5215</subfield>
			<subfield code="i">Ad 1982</subfield>
			<subfield code="t">Copy 1</subfield>
			<subfield code="w">BOOKS</subfield>
		</datafield>
	</record>