
 -->

	<!-- <record>
		<leader>01371cam a2200325 a 4500</leader>
		<controlfield tag="001">2888748</controlfield>
		<controlfield tag="005">20180212085522.0</controlfield>
		<controlfield tag="008">860922s1985    nyuam         000 1 eng  </controlfield>
		<datafield tag="906" ind1=" " ind2=" ">
			<subfield code="a">7</subfield>
			<subfield code="b">cbc</subfield>
			<subfield code="c">orignew</subfield>
			<subfield code="d">2</subfield>
			<subfield code="e">ncip</subfield>
			<subfield code="f">19</subfield>
			<subfield code="g">y-gencatlg</subfield>
		</datafield>
		<datafield tag="010" ind1=" " ind2=" ">
			<subfield code="a">   86206557 </subfield>
		</datafield>
		<datafield tag="020" ind1=" " ind2=" ">
			<subfield code="a">006015456X (pbk.)</subfield>
		</datafield>
		<datafield tag="035" ind1=" " ind2=" ">
			<subfield code="9">(DLC)   86206557</subfield>
		</datafield>
		<datafield tag="040" ind1=" " ind2=" ">
			<subfield code="a">DLC</subfield>
			<subfield code="c">DLC</subfield>
			<subfield code="d">DLC</subfield>
			<subfield code="d">OCoLC</subfield>
			<subfield code="d">DLC</subfield>
		</datafield>
		<datafield tag="050" ind1="0" ind2="0">
			<subfield code="a">PS3562.E42</subfield>
			<subfield code="b">A79 1985b</subfield>
		</datafield>
		<datafield tag="050" ind1="0" ind2="0">
			<subfield code="a">RYI 0179</subfield>
		</datafield>
		<datafield tag="082" ind1="0" ind2="0">
			<subfield code="a">813/.54</subfield>
			<subfield code="2">19</subfield>
		</datafield>
		<datafield tag="100" ind1="1" ind2=" ">
			<subfield code="a">Le Guin, Ursula K.,</subfield>
			<subfield code="d">1929-2018.</subfield>
		</datafield>
		<datafield tag="245" ind1="1" ind2="0">
			<subfield code="a">Always coming home /</subfield>
			<subfield code="c">author, Ursula K. Le Guin ; composer, Todd Barton ; artist, Margaret Chodos ; George Hersh, geomancer ; maps drawn by the author.</subfield>
		</datafield>
		<datafield tag="250" ind1=" " ind2=" ">
			<subfield code="a">1st ed.</subfield>
		</datafield>
		<datafield tag="260" ind1=" " ind2=" ">
			<subfield code="a">New York :</subfield>
			<subfield code="b">Harper & Row,</subfield>
			<subfield code="c">c1985.</subfield>
		</datafield>
		<datafield tag="300" ind1=" " ind2=" ">
			<subfield code="a">523 p. :</subfield>
			<subfield code="b">ill. ;</subfield>
			<subfield code="c">24 cm. +</subfield>
			<subfield code="e">1 sound cassette (analog)</subfield>
		</datafield>
		<datafield tag="500" ind1=" " ind2=" ">
			<subfield code="a">Originally issued in case with sound cassette entitled: Music and poetry of the Kesh.</subfield>
		</datafield>
		<datafield tag="590" ind1=" " ind2=" ">
			<subfield code="a">Accompanying sound recording shelved in the Recorded Sound Section of the Motion Picture, Broadcasting, and Recorded Sound Division.</subfield>
		</datafield>
		<datafield tag="651" ind1=" " ind2="0">
			<subfield code="a">California</subfield>
			<subfield code="x">Fiction.</subfield>
		</datafield>
		<datafield tag="655" ind1=" " ind2="7">
			<subfield code="a">Fantastic fiction.</subfield>
			<subfield code="2">gsafd</subfield>
		</datafield>
		<datafield tag="700" ind1="2" ind2=" ">
			<subfield code="a">Chodos-Irvine, Margaret.</subfield>
		</datafield>
		<datafield tag="700" ind1="1" ind2=" ">
			<subfield code="a">Hersh, George.</subfield>
		</datafield>
		<datafield tag="700" ind1="1" ind2=" ">
			<subfield code="a">Barton, Todd.</subfield>
			<subfield code="t">Music and poetry of the Kesh.</subfield>
		</datafield>
		<datafield tag="952" ind1=" " ind2=" ">
			<subfield code="a">Special format ed. to be kept per Desc. Pol.</subfield>
		</datafield>
		<datafield tag="991" ind1=" " ind2=" ">
			<subfield code="b">c-Music</subfield>
			<subfield code="h">PS3562.E42</subfield>
			<subfield code="i">A79 1985b</subfield>
			<subfield code="t">Copy 1</subfield>
			<subfield code="m">Phon Case</subfield>
			<subfield code="w">BOOKS</subfield>
		</datafield>
	</record>