
 -->

<!-- 	<record>
		<leader>00707cam a2200229 i 4500</leader>
		<controlfield tag="001">4171015</controlfield>
		<controlfield tag="005">20180212085547.0</controlfield>
		<controlfield tag="008">791012s1980    nyu           000 1 eng  </controlfield>
		<datafield tag="906" ind1=" " ind2=" ">
			<subfield code="a">7</subfield>
			<subfield code="b">cbc</subfield>
			<subfield code="c">orignew</subfield>
			<subfield code="d">1</subfield>
			<subfield code="e">ocip</subfield>
			<subfield code="f">19</subfield>
			<subfield code="g">y-gencatlg</subfield>
		</datafield>
		<datafield tag="010" ind1=" " ind2=" ">
			<subfield code="a">   79002653 </subfield>
		</datafield>
		<datafield tag="020" ind1=" " ind2=" ">
			<subfield code="a">006012573X :</subfield>
			<subfield code="c">$7.95</subfield>
		</datafield>
		<datafield tag="035" ind1=" " ind2=" ">
			<subfield code="9">(DLC)   79002653</subfield>
		</datafield>
		<datafield tag="040" ind1=" " ind2=" ">
			<subfield code="a">DLC</subfield>
			<subfield code="c">DLC</subfield>
			<subfield code="d">DLC</subfield>
		</datafield>
		<datafield tag="050" ind1="0" ind2="0">
			<subfield code="a">PS3562.E42</subfield>
			<subfield code="b">B4 1980</subfield>
		</datafield>
		<datafield tag="082" ind1="0" ind2="0">
			<subfield code="a">813/.54</subfield>
			<subfield code="2">19</subfield>
		</datafield>
		<datafield tag="100" ind1="1" ind2=" ">
			<subfield code="a">Le Guin, Ursula K.,</subfield>
			<subfield code="d">1929-2018.</subfield>
		</datafield>
		<datafield tag="245" ind1="1" ind2="4">
			<subfield code="a">The beginning place /</subfield>
			<subfield code="c">Ursula K. Le Guin.</subfield>
		</datafield>
		<datafield tag="250" ind1=" " ind2=" ">
			<subfield code="a">1st ed.</subfield>
		</datafield>
		<datafield tag="260" ind1=" " ind2=" ">
			<subfield code="a">New York :</subfield>
			<subfield code="b">Harper & Row,</subfield>
			<subfield code="c">c1980.</subfield>
		</datafield>
		<datafield tag="300" ind1=" " ind2=" ">
			<subfield code="a">183 p. ;</subfield>
			<subfield code="c">22 cm.</subfield>
		</datafield>
		<datafield tag="655" ind1=" " ind2="7">
			<subfield code="a">Fantastic fiction.</subfield>
			<subfield code="2">gsafd</subfield>
		</datafield>
		<datafield tag="991" ind1=" " ind2=" ">
			<subfield code="b">c-GenColl</subfield>
			<subfield code="h">PS3562.E42</subfield>
			<subfield code="i">B4 1980</subfield>
			<subfield code="p">00020173063</subfield>
			<subfield code="t">Copy 1</subfield>
			<subfield code="w">BOOKS</subfield>
		</datafield>
	</record>