 -->
<!-- 

	<record>
		<leader>01166cam a2200253 a 4500</leader>
		<controlfield tag="001">12468015</controlfield>
		<controlfield tag="005">20180212085606.0</controlfield>
		<controlfield tag="008">010713r20021994nyu           000 1 eng  </controlfield>
		<datafield tag="906" ind1=" " ind2=" ">
			<subfield code="a">7</subfield>
			<subfield code="b">cbc</subfield>
			<subfield code="c">orignew</subfield>
			<subfield code="d">1</subfield>
			<subfield code="e">ocip</subfield>
			<subfield code="f">20</subfield>
			<subfield code="g">y-gencatlg</subfield>
		</datafield>
		<datafield tag="925" ind1="0" ind2=" ">
			<subfield code="a">acquire</subfield>
			<subfield code="b">2 shelf copies</subfield>
			<subfield code="x">policy default</subfield>
		</datafield>
		<datafield tag="955" ind1=" " ind2=" ">
			<subfield code="a">pc14 2001-07-13 to HLCD</subfield>
			<subfield code="c">lk50 2001-07-16</subfield>
			<subfield code="d">lh06 2001-07-18</subfield>
			<subfield code="e">lh37 2001-07-19; to Dewey</subfield>
			<subfield code="a">aa05 2001-07-23</subfield>
			<subfield code="a">pv24 2002-12-17 bk rec'd, to CIP ver.</subfield>
			<subfield code="f">lk50 2003-01-28 to BCCD</subfield>
		</datafield>
		<datafield tag="010" ind1=" " ind2=" ">
			<subfield code="a">  2001039508</subfield>
		</datafield>
		<datafield tag="020" ind1=" " ind2=" ">
			<subfield code="a">0066212537 (alk. paper)</subfield>
		</datafield>
		<datafield tag="040" ind1=" " ind2=" ">
			<subfield code="a">DLC</subfield>
			<subfield code="c">DLC</subfield>
			<subfield code="d">DLC</subfield>
		</datafield>
		<datafield tag="050" ind1="0" ind2="0">
			<subfield code="a">PS3562.E42</subfield>
			<subfield code="b">B44 2002</subfield>
		</datafield>
		<datafield tag="082" ind1="0" ind2="0">
			<subfield code="a">813/.54</subfield>
			<subfield code="2">21</subfield>
		</datafield>
		<datafield tag="100" ind1="1" ind2=" ">
			<subfield code="a">Le Guin, Ursula K.,</subfield>
			<subfield code="d">1929-2018.</subfield>
		</datafield>
		<datafield tag="245" ind1="1" ind2="4">
			<subfield code="a">The birthday of the world and other stories /</subfield>
			<subfield code="c">Ursula K. Le Guin.</subfield>
		</datafield>
		<datafield tag="250" ind1=" " ind2=" ">
			<subfield code="a">1st ed.</subfield>
		</datafield>
		<datafield tag="260" ind1=" " ind2=" ">
			<subfield code="a">New York :</subfield>
			<subfield code="b">HarperCollins,</subfield>
			<subfield code="c">c2002.</subfield>
		</datafield>
		<datafield tag="300" ind1=" " ind2=" ">
			<subfield code="a">xiii, 362 p. ;</subfield>
			<subfield code="c">24 cm.</subfield>
		</datafield>
		<datafield tag="650" ind1=" " ind2="0">
			<subfield code="a">Science fiction, American.</subfield>
		</datafield>
		<datafield tag="856" ind1="4" ind2="2">
			<subfield code="3">Publisher description</subfield>
			<subfield code="u">http://www.loc.gov/catdir/description/hc041/2001039508.html</subfield>
		</datafield>
	</record>