
 -->

<!-- 	<record>
		<leader>01286cam a2200337 a 4500</leader>
		<controlfield tag="001">4432823</controlfield>
		<controlfield tag="005">20180212085550.0</controlfield>
		<controlfield tag="008">940512s1994    caua          000 0 eng  </controlfield>
		<datafield tag="906" ind1=" " ind2=" ">
			<subfield code="a">7</subfield>
			<subfield code="b">cbc</subfield>
			<subfield code="c">orignew</subfield>
			<subfield code="d">1</subfield>
			<subfield code="e">ocip</subfield>
			<subfield code="f">19</subfield>
			<subfield code="g">y-gencatlg</subfield>
		</datafield>
		<datafield tag="955" ind1=" " ind2=" ">
			<subfield code="a">pc20 to ja00 05-12-94; lk19 05-16-94; lh06 05-794; lk46 05-19-94; CIP ver. pv08 03-07-95</subfield>
		</datafield>
		<datafield tag="010" ind1=" " ind2=" ">
			<subfield code="a">   94018443 </subfield>
		</datafield>
		<datafield tag="020" ind1=" " ind2=" ">
			<subfield code="a">087654071X :</subfield>
			<subfield code="c">$16.95</subfield>
		</datafield>
		<datafield tag="035" ind1=" " ind2=" ">
			<subfield code="9">(DLC)   94018443</subfield>
		</datafield>
		<datafield tag="040" ind1=" " ind2=" ">
			<subfield code="a">DLC</subfield>
			<subfield code="c">DLC</subfield>
			<subfield code="d">DLC</subfield>
		</datafield>
		<datafield tag="050" ind1="0" ind2="0">
			<subfield code="a">PS3562.E42</subfield>
			<subfield code="b">B84 1994</subfield>
		</datafield>
		<datafield tag="051" ind1=" " ind2=" ">
			<subfield code="a">PS3562.E42</subfield>
			<subfield code="b">B84 1994 Copy 2</subfield>
			<subfield code="c">Another copy.</subfield>
		</datafield>
		<datafield tag="082" ind1="0" ind2="0">
			<subfield code="a">813/.54</subfield>
			<subfield code="2">20</subfield>
		</datafield>
		<datafield tag="100" ind1="1" ind2=" ">
			<subfield code="a">Le Guin, Ursula K.,</subfield>
			<subfield code="d">1929-2018.</subfield>
		</datafield>
		<datafield tag="245" ind1="1" ind2="0">
			<subfield code="a">Buffalo gals, won't you come out tonight /</subfield>
			<subfield code="c">story by Ursula K. LeGuin ; illustrated by Susan Seddon Boulet.</subfield>
		</datafield>
		<datafield tag="246" ind1="3" ind2=" ">
			<subfield code="a">Buffalo gals, would you come out tonight</subfield>
		</datafield>
		<datafield tag="250" ind1=" " ind2=" ">
			<subfield code="a">1st ed.</subfield>
		</datafield>
		<datafield tag="260" ind1=" " ind2=" ">
			<subfield code="a">San Francisco :</subfield>
			<subfield code="b">Pomegranate Artbooks,</subfield>
			<subfield code="c">[1994]</subfield>
		</datafield>
		<datafield tag="300" ind1=" " ind2=" ">
			<subfield code="a">79 p. :</subfield>
			<subfield code="b">col. ill. ;</subfield>
			<subfield code="c">27 cm.</subfield>
		</datafield>
		<datafield tag="650" ind1=" " ind2="0">
			<subfield code="a">Human-animal communication</subfield>
			<subfield code="x">Fiction.</subfield>
		</datafield>
		<datafield tag="655" ind1=" " ind2="7">
			<subfield code="a">Fantastic fiction.</subfield>
			<subfield code="2">gsafd</subfield>
		</datafield>
		<datafield tag="700" ind1="1" ind2=" ">
			<subfield code="a">Boulet, Susan Seddon.</subfield>
		</datafield>
		<datafield tag="920" ind1=" " ind2=" ">
			<subfield code="a">**LC HAS REQ'D # OF SHELF COPIES**</subfield>
		</datafield>
		<datafield tag="952" ind1=" " ind2=" ">
			<subfield code="a">rbacq9505</subfield>
		</datafield>
		<datafield tag="985" ind1=" " ind2=" ">
			<subfield code="a">rarebk/rbc</subfield>
			<subfield code="e">rbc</subfield>
		</datafield>
		<datafield tag="991" ind1=" " ind2=" ">
			<subfield code="b">c-GenColl</subfield>
			<subfield code="h">PS3562.E42</subfield>
			<subfield code="i">B84 1994</subfield>
			<subfield code="p">00023621794</subfield>
			<subfield code="t">Copy 1</subfield>
			<subfield code="w">BOOKS</subfield>
		</datafield>
		<datafield tag="991" ind1=" " ind2=" ">
			<subfield code="b">c-RareBook</subfield>
			<subfield code="h">PS3562.E42</subfield>
			<subfield code="i">B84 1994</subfield>
			<subfield code="t">Copy 2</subfield>
			<subfield code="w">BOOKS</subfield>
		</datafield>
	</record>