

 -->
	<!-- <record>
		<leader>01406cam a2200325 a 4500</leader>
		<controlfield tag="001">15503745</controlfield>
		<controlfield tag="005">20180212085619.0</controlfield>
		<controlfield tag="008">081029s2009    nyua   b      000 1 eng  </controlfield>
		<datafield tag="906" ind1=" " ind2=" ">
			<subfield code="a">7</subfield>
			<subfield code="b">cbc</subfield>
			<subfield code="c">orignew</subfield>
			<subfield code="d">1</subfield>
			<subfield code="e">ecip</subfield>
			<subfield code="f">20</subfield>
			<subfield code="g">y-gencatlg</subfield>
		</datafield>
		<datafield tag="925" ind1="0" ind2=" ">
			<subfield code="a">acquire</subfield>
			<subfield code="b">1 shelf copy</subfield>
			<subfield code="x">policy default</subfield>
		</datafield>
		<datafield tag="925" ind1="1" ind2=" ">
			<subfield code="a">acquire</subfield>
			<subfield code="b">2 shelf copies</subfield>
			<subfield code="x">policy default</subfield>
			<subfield code="e">claim1  2010-02-18</subfield>
			<subfield code="e">claim2  2010-06-18</subfield>
			<subfield code="e">to CAD  2010-10-20</subfield>
		</datafield>
		<datafield tag="955" ind1=" " ind2=" ">
			<subfield code="a">xc04 2008-10-29</subfield>
			<subfield code="c">xc04 2008-10-29</subfield>
			<subfield code="d">xc06 2008-11-12</subfield>
			<subfield code="e">xc06 2008-11-12 to cip</subfield>
			<subfield code="a">xe11 2010-12-06 1 copy rec'd., to CIP ver.</subfield>
			<subfield code="f">xc15 2010-12-29 copy 1 to BCCD</subfield>
			<subfield code="a">xk09 2015-05-15</subfield>
		</datafield>
		<datafield tag="010" ind1=" " ind2=" ">
			<subfield code="a">  2008046299</subfield>
		</datafield>
		<datafield tag="020" ind1=" " ind2=" ">
			<subfield code="a">9780545042161 (reinforced binding for library use)</subfield>
		</datafield>
		<datafield tag="020" ind1=" " ind2=" ">
			<subfield code="a">054504216X (reinforced binding for library use)</subfield>
		</datafield>
		<datafield tag="040" ind1=" " ind2=" ">
			<subfield code="a">DLC</subfield>
			<subfield code="c">DLC</subfield>
			<subfield code="d">DLC</subfield>
		</datafield>
		<datafield tag="042" ind1=" " ind2=" ">
			<subfield code="a">lcac</subfield>
		</datafield>
		<datafield tag="050" ind1="0" ind2="0">
			<subfield code="a">PZ8.3.L398</subfield>
			<subfield code="b">Cat 2009</subfield>
		</datafield>
		<datafield tag="082" ind1="0" ind2="0">
			<subfield code="a">[E]</subfield>
			<subfield code="2">22</subfield>
		</datafield>
		<datafield tag="100" ind1="1" ind2=" ">
			<subfield code="a">Le Guin, Ursula K.,</subfield>
			<subfield code="d">1929-2018.</subfield>
		</datafield>
		<datafield tag="245" ind1="1" ind2="0">
			<subfield code="a">Cat dreams /</subfield>
			<subfield code="c">by Ursula Le Guin ; illustrated by S.D. Schindler.</subfield>
		</datafield>
		<datafield tag="250" ind1=" " ind2=" ">
			<subfield code="a">1st ed.</subfield>
		</datafield>
		<datafield tag="260" ind1=" " ind2=" ">
			<subfield code="a">New York :</subfield>
			<subfield code="b">Orchard Books,</subfield>
			<subfield code="c">2009.</subfield>
		</datafield>
		<datafield tag="300" ind1=" " ind2=" ">
			<subfield code="a">1 v. (unpaged) :</subfield>
			<subfield code="b">col. ill. ;</subfield>
			<subfield code="c">21 x 27 cm.</subfield>
		</datafield>
		<datafield tag="520" ind1=" " ind2=" ">
			<subfield code="a">Presents a feline dreamland where it rains mice, all the dogs have run away, and a big bowl of kibbles and cream is waiting.</subfield>
		</datafield>
		<datafield tag="650" ind1=" " ind2="1">
			<subfield code="a">Stories in rhyme.</subfield>
		</datafield>
		<datafield tag="650" ind1=" " ind2="1">
			<subfield code="a">Cats</subfield>
			<subfield code="v">Fiction.</subfield>
		</datafield>
		<datafield tag="650" ind1=" " ind2="1">
			<subfield code="a">Dreams</subfield>
			<subfield code="v">Fiction.</subfield>
		</datafield>
		<datafield tag="700" ind1="1" ind2=" ">
			<subfield code="a">Schindler, S. D.,</subfield>
			<subfield code="e">ill.</subfield>
		</datafield>
		<datafield tag="952" ind1=" " ind2=" ">
			<subfield code="a">xk09 2015-05-15 corrected call number</subfield>
		</datafield>
	</record>