

	 -->
	<!-- <record>
		<leader>01536cim a2200397 a 4500</leader>
		<controlfield tag="001">15832760</controlfield>
		<controlfield tag="005">20180212085622.0</controlfield>
		<controlfield tag="007">sd fungnnmmned</controlfield>
		<controlfield tag="008">090724s2008    mdunnn|b       f| | eng d</controlfield>
		<datafield tag="906" ind1=" " ind2=" ">
			<subfield code="a">7</subfield>
			<subfield code="b">cbc</subfield>
			<subfield code="c">copycat</subfield>
			<subfield code="d">2</subfield>
			<subfield code="e">ncip</subfield>
			<subfield code="f">20</subfield>
			<subfield code="g">y-soundrec</subfield>
		</datafield>
		<datafield tag="925" ind1="0" ind2=" ">
			<subfield code="a">acquire</subfield>
			<subfield code="b">2 shelf copies</subfield>
			<subfield code="x">policy default</subfield>
		</datafield>
		<datafield tag="955" ind1=" " ind2=" ">
			<subfield code="a">qr25 2009-07-24 z-client</subfield>
			<subfield code="i">qr25 2009-07-27</subfield>
			<subfield code="e">qr25 2009-07-27</subfield>
		</datafield>
		<datafield tag="010" ind1=" " ind2=" ">
			<subfield code="a">  2009606090</subfield>
		</datafield>
		<datafield tag="020" ind1=" " ind2=" ">
			<subfield code="a">9781428181670</subfield>
		</datafield>
		<datafield tag="020" ind1=" " ind2=" ">
			<subfield code="a">1428181679</subfield>
		</datafield>
		<datafield tag="028" ind1="0" ind2="2">
			<subfield code="a">C4305</subfield>
			<subfield code="b">Recorded Books</subfield>
		</datafield>
		<datafield tag="035" ind1=" " ind2=" ">
			<subfield code="a">(OCoLC)ocn190965755</subfield>
		</datafield>
		<datafield tag="040" ind1=" " ind2=" ">
			<subfield code="a">RECBX</subfield>
			<subfield code="c">RECBX</subfield>
			<subfield code="d">VP@</subfield>
			<subfield code="d">JED</subfield>
			<subfield code="d">FN2</subfield>
			<subfield code="d">WIM</subfield>
			<subfield code="d">SMP</subfield>
			<subfield code="d">DLC</subfield>
		</datafield>
		<datafield tag="042" ind1=" " ind2=" ">
			<subfield code="a">lccopycat</subfield>
		</datafield>
		<datafield tag="050" ind1="0" ind2="0">
			<subfield code="a">RZC 1188</subfield>
		</datafield>
		<datafield tag="100" ind1="1" ind2=" ">
			<subfield code="a">Le Guin, Ursula K.,</subfield>
			<subfield code="d">1929-2018.</subfield>
		</datafield>
		<datafield tag="245" ind1="1" ind2="0">
			<subfield code="a">Catwings return</subfield>
			<subfield code="h">[sound recording] /</subfield>
			<subfield code="c">by Ursula K. Le Guin.</subfield>
		</datafield>
		<datafield tag="260" ind1=" " ind2=" ">
			<subfield code="a">Prince Frederick, MD :</subfield>
			<subfield code="b">Recorded Books,</subfield>
			<subfield code="c">p2008.</subfield>
		</datafield>
		<datafield tag="300" ind1=" " ind2=" ">
			<subfield code="a">1 sound disc (30 min.) :</subfield>
			<subfield code="b">digital ;</subfield>
			<subfield code="c">4 3/4 in.</subfield>
		</datafield>
		<datafield tag="306" ind1=" " ind2=" ">
			<subfield code="a">003000</subfield>
		</datafield>
		<datafield tag="530" ind1=" " ind2=" ">
			<subfield code="a">Issued also on cassette.</subfield>
		</datafield>
		<datafield tag="520" ind1=" " ind2=" ">
			<subfield code="a">When two winged cats leave their new country home and return to the city to visit their mother, they discover a winged kitten in an abandoned building near the dumpster where they used to live.</subfield>
		</datafield>
		<datafield tag="650" ind1=" " ind2="0">
			<subfield code="a">Cats</subfield>
			<subfield code="v">Juvenile sound recordings.</subfield>
		</datafield>
		<datafield tag="650" ind1=" " ind2="1">
			<subfield code="a">Cats</subfield>
			<subfield code="v">Fiction.</subfield>
		</datafield>
		<datafield tag="655" ind1=" " ind2="7">
			<subfield code="a">Audiobooks.</subfield>
			<subfield code="2">lcgft</subfield>
		</datafield>
	</record>