 -->


	<!-- <record>
		<leader>01550cam a22003495a 4500</leader>
		<controlfield tag="001">19rk3lrxzv6qpn82</controlfield>
		<controlfield tag="003">LIBRIS</controlfield>
		<controlfield tag="005">20190130093255.0</controlfield>
		<controlfield tag="007">cr |||   |||||         </controlfield>
		<controlfield tag="008">190130s2019    xx |||||o|||||000 0|und|d</controlfield>
		<datafield tag="020" ind1=" " ind2=" ">
			<subfield code="z">9781612197791 (Print)</subfield>
		</datafield>
		<datafield tag="035" ind1=" " ind2=" ">
			<subfield code="a">(EBZ)ebs19712122e</subfield>
		</datafield>
		<datafield tag="035" ind1=" " ind2=" ">
			<subfield code="5">Kdig</subfield>
			<subfield code="a">(EBZ)ebs19712122e</subfield>
		</datafield>
		<datafield tag="040" ind1=" " ind2=" ">
			<subfield code="a">SEK</subfield>
			<subfield code="e">a</subfield>
		</datafield>
		<datafield tag="041" ind1=" " ind2=" ">
			<subfield code="a">und</subfield>
		</datafield>
		<datafield tag="100" ind1="0" ind2=" ">
			<subfield code="a">David Streitfeld</subfield>
		</datafield>
		<datafield tag="245" ind1="1" ind2="0">
			<subfield code="a">Ursula K. Le Guin: The Last Interview: And Other Conversations</subfield>
			<subfield code="h">[Elektronisk resurs]</subfield>
		</datafield>
		<datafield tag="264" ind1=" " ind2="1">
			<subfield code="b">Melville House,</subfield>
			<subfield code="c">2019</subfield>
		</datafield>
		<datafield tag="338" ind1=" " ind2=" ">
			<subfield code="b">r</subfield>
			<subfield code="b">o</subfield>
			<subfield code="2">rdacarrier</subfield>
			<subfield code="2">rdacarrier</subfield>
		</datafield>
		<datafield tag="500" ind1=" " ind2=" ">
			<subfield code="a">Book</subfield>
		</datafield>
		<datafield tag="599" ind1=" " ind2=" ">
			<subfield code="a">EBZ</subfield>
		</datafield>
		<datafield tag="599" ind1=" " ind2=" ">
			<subfield code="a">Maskinellt genererad post. Ändra kod för fullständighetsnivå (leader/17), annars kommer manuellt gjorda ändringar att försvinna.</subfield>
		</datafield>
		<datafield tag="599" ind1=" " ind2=" ">
			<subfield code="5">Kdig</subfield>
			<subfield code="a">EBZ</subfield>
		</datafield>
		<datafield tag="655" ind1=" " ind2="4">
			<subfield code="0">https://id.kb.se/marc/NotFictionNotFurtherSpecified</subfield>
		</datafield>
		<datafield tag="655" ind1=" " ind2="4">
			<subfield code="a">Electronic books</subfield>
		</datafield>
		<datafield tag="700" ind1="0" ind2=" ">
			<subfield code="a">Ursula K. Le Guin</subfield>
		</datafield>
		<datafield tag="776" ind1="0" ind2="8">
			<subfield code="i">Print</subfield>
			<subfield code="t">Ursula K. Le Guin: The Last Interview: And Other Conversations</subfield>
			<subfield code="z">978-1-61219-779-1</subfield>
		</datafield>
		<datafield tag="841" ind1=" " ind2=" ">
			<subfield code="5">Kdig</subfield>
			<subfield code="a">x  a</subfield>
			<subfield code="b">190130||0000|||||001||||||000000</subfield>
			<subfield code="e">1</subfield>
		</datafield>
		<datafield tag="852" ind1=" " ind2=" ">
			<subfield code="5">Kdig</subfield>
			<subfield code="b">Kdig</subfield>
		</datafield>
		<datafield tag="856" ind1="4" ind2="0">
			<subfield code="5">Kdig</subfield>
			<subfield code="u">https://login.bibproxy.kau.se:8443/login?url=http://search.ebscohost.com/login.aspx?direct=true&scope=site&db=nlebk&db=nlabk&AN=1905535</subfield>
			<subfield code="z">Online access for KaU</subfield>
			<subfield code="z">EBSCO eBooks</subfield>
		</datafield>
		<datafield tag="887" ind1=" " ind2=" ">
			<subfield code="a">{"@id":"19rk3lrxzv6qpn82","modified":"2019-01-30T09:32:55.509+01:00","checksum":"36624299843"}</subfield>
			<subfield code="2">librisxl</subfield>
		</datafield>
		<datafield tag="887" ind1=" " ind2=" ">
			<subfield code="5">Kdig</subfield>
			<subfield code="a">{"@id":"v4ldxfmts7kqxv85","modified":"2019-02-13T09:34:08.776+01:00","checksum":"16768842294"}</subfield>
			<subfield code="2">librisxl</subfield>
		</datafield>
	</record>