-->


	<!-- <record>
		<leader>00946cam a22002655a 4500</leader>
		<controlfield tag="001">bl1k92bq8ths07ft</controlfield>
		<controlfield tag="003">LIBRIS</controlfield>
		<controlfield tag="005">20190119093920.0</controlfield>
		<controlfield tag="007">cr |||   |||||         </controlfield>
		<controlfield tag="008">190119s2008    xx |||||o|||||000 0|und|d</controlfield>
		<datafield tag="020" ind1=" " ind2=" ">
			<subfield code="z">9780689845338 (Print)</subfield>
		</datafield>
		<datafield tag="035" ind1=" " ind2=" ">
			<subfield code="a">(EBZ)ebs19655162e</subfield>
		</datafield>
		<datafield tag="040" ind1=" " ind2=" ">
			<subfield code="a">SEK</subfield>
			<subfield code="e">a</subfield>
		</datafield>
		<datafield tag="041" ind1=" " ind2=" ">
			<subfield code="a">und</subfield>
		</datafield>
		<datafield tag="100" ind1="0" ind2=" ">
			<subfield code="a">Ursula  K. Le Guin</subfield>
		</datafield>
		<datafield tag="245" ind1="1" ind2="0">
			<subfield code="a">Tehanu: Book Four</subfield>
			<subfield code="h">[Elektronisk resurs]</subfield>
		</datafield>
		<datafield tag="264" ind1=" " ind2="1">
			<subfield code="b">Unspecified,</subfield>
			<subfield code="c">2008</subfield>
		</datafield>
		<datafield tag="338" ind1=" " ind2=" ">
			<subfield code="b">r</subfield>
			<subfield code="b">o</subfield>
			<subfield code="2">rdacarrier</subfield>
			<subfield code="2">rdacarrier</subfield>
		</datafield>
		<datafield tag="500" ind1=" " ind2=" ">
			<subfield code="a">Book</subfield>
		</datafield>
		<datafield tag="599" ind1=" " ind2=" ">
			<subfield code="a">EBZ</subfield>
		</datafield>
		<datafield tag="599" ind1=" " ind2=" ">
			<subfield code="a">Maskinellt genererad post. Ändra kod för fullständighetsnivå (leader/17), annars kommer manuellt gjorda ändringar att försvinna.</subfield>
		</datafield>
		<datafield tag="655" ind1=" " ind2="4">
			<subfield code="0">https://id.kb.se/marc/NotFictionNotFurtherSpecified</subfield>
		</datafield>
		<datafield tag="655" ind1=" " ind2="4">
			<subfield code="a">Electronic books</subfield>
		</datafield>
		<datafield tag="776" ind1="0" ind2="8">
			<subfield code="i">Print</subfield>
			<subfield code="t">Tehanu: Book Four</subfield>
			<subfield code="z">978-0-689-84533-8</subfield>
		</datafield>
		<datafield tag="887" ind1=" " ind2=" ">
			<subfield code="a">{"@id":"bl1k92bq8ths07ft","modified":"2019-01-19T09:39:20.246+01:00","checksum":"38321727862"}</subfield>
			<subfield code="2">librisxl</subfield>
		</datafield>
	</record>