
 -->


	<!-- <record>
		<leader>01548cam a22003495a 4500</leader>
		<controlfield tag="001">nx7brvcwlxdn2tzr</controlfield>
		<controlfield tag="003">LIBRIS</controlfield>
		<controlfield tag="005">20181220081126.0</controlfield>
		<controlfield tag="007">cr |||   |||||         </controlfield>
		<controlfield tag="008">181220s2017    xx |||||o|||||000 0|und|d</controlfield>
		<datafield tag="020" ind1=" " ind2=" ">
			<subfield code="z">0802165664 (Print)</subfield>
		</datafield>
		<datafield tag="020" ind1=" " ind2=" ">
			<subfield code="z">9780802165664 (Print)</subfield>
		</datafield>
		<datafield tag="035" ind1=" " ind2=" ">
			<subfield code="a">(WaSeSS)ssib032174787</subfield>
		</datafield>
		<datafield tag="035" ind1=" " ind2=" ">
			<subfield code="5">KrhE</subfield>
			<subfield code="a">(WaSeSS)ssib032174787</subfield>
		</datafield>
		<datafield tag="040" ind1=" " ind2=" ">
			<subfield code="a">SEK</subfield>
			<subfield code="e">a</subfield>
		</datafield>
		<datafield tag="041" ind1=" " ind2=" ">
			<subfield code="a">und</subfield>
		</datafield>
		<datafield tag="100" ind1="0" ind2=" ">
			<subfield code="a">Le Guin</subfield>
		</datafield>
		<datafield tag="245" ind1="1" ind2="0">
			<subfield code="a">"Dancing at the Edge of the World : Thoughts on Words, Women, Places"</subfield>
			<subfield code="h">[Elektronisk resurs]</subfield>
		</datafield>
		<datafield tag="264" ind1=" " ind2="1">
			<subfield code="c">2017</subfield>
		</datafield>
		<datafield tag="338" ind1=" " ind2=" ">
			<subfield code="b">r</subfield>
			<subfield code="b">o</subfield>
			<subfield code="2">rdacarrier</subfield>
			<subfield code="2">rdacarrier</subfield>
		</datafield>
		<datafield tag="599" ind1=" " ind2=" ">
			<subfield code="a">WaSeSS</subfield>
		</datafield>
		<datafield tag="599" ind1=" " ind2=" ">
			<subfield code="a">Maskinellt genererad post. Ändra kod för fullständighetsnivå (leader/17), annars kommer manuellt gjorda ändringar att försvinna.</subfield>
		</datafield>
		<datafield tag="599" ind1=" " ind2=" ">
			<subfield code="5">KrhE</subfield>
			<subfield code="a">WaSeSS</subfield>
		</datafield>
		<datafield tag="655" ind1=" " ind2="4">
			<subfield code="0">https://id.kb.se/marc/NotFictionNotFurtherSpecified</subfield>
		</datafield>
		<datafield tag="655" ind1=" " ind2="4">
			<subfield code="a">Electronic books</subfield>
		</datafield>
		<datafield tag="700" ind1="0" ind2=" ">
			<subfield code="a">Ursula K.</subfield>
		</datafield>
		<datafield tag="776" ind1="0" ind2="8">
			<subfield code="i">Print</subfield>
			<subfield code="t">"Dancing at the Edge of the World : Thoughts on Words, Women, Places"</subfield>
			<subfield code="z">0802165664</subfield>
			<subfield code="z">9780802165664</subfield>
		</datafield>
		<datafield tag="841" ind1=" " ind2=" ">
			<subfield code="5">KrhE</subfield>
			<subfield code="a">x  a</subfield>
			<subfield code="b">181220||0000|||||001||||||000000</subfield>
			<subfield code="e">1</subfield>
		</datafield>
		<datafield tag="852" ind1=" " ind2=" ">
			<subfield code="5">KrhE</subfield>
			<subfield code="b">KrhE</subfield>
		</datafield>
		<datafield tag="856" ind1="4" ind2="0">
			<subfield code="5">KrhE</subfield>
			<subfield code="u">https://ezproxy.hkr.se/login?url=http://ebookcentral.proquest.com/lib/kristianstad-ebooks/detail.action?docID=5503772</subfield>
			<subfield code="z">Online access for HKR</subfield>
			<subfield code="z">Ebook Central</subfield>
		</datafield>
		<datafield tag="887" ind1=" " ind2=" ">
			<subfield code="a">{"@id":"nx7brvcwlxdn2tzr","modified":"2018-12-20T08:11:26.997+01:00","checksum":"42541218495"}</subfield>
			<subfield code="2">librisxl</subfield>
		</datafield>
		<datafield tag="887" ind1=" " ind2=" ">
			<subfield code="5">KrhE</subfield>
			<subfield code="a">{"@id":"cmx1gk2n9brgtbhk","modified":"2018-12-20T08:11:27.048+01:00","checksum":"9339159622"}</subfield>
			<subfield code="2">librisxl</subfield>
		</datafield>
	</record>