
 -->
 <!-- <record>
		<leader>01682cam a22003733a 4500</leader>
		<controlfield tag="001">w5fnw5wqtwg7n9vm</controlfield>
		<controlfield tag="003">LIBRIS</controlfield>
		<controlfield tag="005">20190208154335.0</controlfield>
		<controlfield tag="008">181212s2018    fi |||||||||||000 1|fin|c</controlfield>
		<datafield tag="020" ind1=" " ind2=" ">
			<subfield code="a">9789510333211</subfield>
		</datafield>
		<datafield tag="035" ind1=" " ind2=" ">
			<subfield code="a">(Adlibris)9789510333211</subfield>
		</datafield>
		<datafield tag="040" ind1=" " ind2=" ">
			<subfield code="a">SEK</subfield>
			<subfield code="b">swe</subfield>
			<subfield code="e">a</subfield>
		</datafield>
		<datafield tag="041" ind1="1" ind2=" ">
			<subfield code="a">fin</subfield>
			<subfield code="h">eng</subfield>
		</datafield>
		<datafield tag="082" ind1="0" ind2="4">
			<subfield code="a">894.541</subfield>
			<subfield code="2">22 (machine generated)</subfield>
		</datafield>
		<datafield tag="084" ind1=" " ind2=" ">
			<subfield code="a">Hub.01</subfield>
			<subfield code="2">kssb/8</subfield>
		</datafield>
		<datafield tag="100" ind1="1" ind2=" ">
			<subfield code="a">Le Guin, Ursula K.,</subfield>
			<subfield code="d">1929-2018</subfield>
			<subfield code="4">aut</subfield>
			<subfield code="0">https://libris.kb.se/64jlmwhq151m7d9#it</subfield>
		</datafield>
		<datafield tag="240" ind1="1" ind2="0">
			<subfield code="a">Earthsea</subfield>
		</datafield>
		<datafield tag="245" ind1="1" ind2="0">
			<subfield code="a">Maameren tarinat 1-4 :</subfield>
			<subfield code="b">Maameren velho; Atuanin holvihaudat; Kaukaisin ranta; Tehanu /</subfield>
			<subfield code="c">Le Guin, Ursula K. .</subfield>
		</datafield>
		<datafield tag="264" ind1=" " ind2="1">
			<subfield code="a">Helsinki :</subfield>
			<subfield code="b">WSOY,</subfield>
			<subfield code="c">2018</subfield>
		</datafield>
		<datafield tag="300" ind1=" " ind2=" ">
			<subfield code="a">875 s.</subfield>
			<subfield code="c">21 cm</subfield>
		</datafield>
		<datafield tag="336" ind1=" " ind2=" ">
			<subfield code="a">text</subfield>
			<subfield code="b">txt</subfield>
			<subfield code="2">rdacontent</subfield>
		</datafield>
		<datafield tag="337" ind1=" " ind2=" ">
			<subfield code="a">unmediated</subfield>
			<subfield code="b">n</subfield>
			<subfield code="2">rdamedia</subfield>
		</datafield>
		<datafield tag="338" ind1=" " ind2=" ">
			<subfield code="a">volume</subfield>
			<subfield code="b">nc</subfield>
			<subfield code="2">rdacarrier</subfield>
		</datafield>
		<datafield tag="340" ind1=" " ind2=" ">
			<subfield code="b">21 cm</subfield>
		</datafield>
		<datafield tag="599" ind1=" " ind2=" ">
			<subfield code="a">Maskinellt genererad post. Ändra kod för fullständighetsnivå (leader/17), annars kommer manuellt gjorda ändringar att försvinna.</subfield>
		</datafield>
		<datafield tag="655" ind1=" " ind2="4">
			<subfield code="0">https://id.kb.se/marc/FictionNotFurtherSpecified</subfield>
		</datafield>
		<datafield tag="841" ind1=" " ind2=" ">
			<subfield code="5">Bo</subfield>
			<subfield code="a">x  2</subfield>
			<subfield code="b">181212||0000|||||000||||||000000</subfield>
			<subfield code="e">|</subfield>
		</datafield>
		<datafield tag="852" ind1=" " ind2=" ">
			<subfield code="5">Bo</subfield>
			<subfield code="b">Bo</subfield>
		</datafield>
		<datafield tag="887" ind1=" " ind2=" ">
			<subfield code="a">{"@id":"w5fnw5wqtwg7n9vm","modified":"2019-02-08T15:43:35.982+01:00","checksum":"44868153594"}</subfield>
			<subfield code="2">librisxl</subfield>
		</datafield>
		<datafield tag="887" ind1=" " ind2=" ">
			<subfield code="5">Bo</subfield>
			<subfield code="a">{"@id":"nx6fnxpll8fh7wn3","modified":"2018-12-12T17:16:32.726+01:00","checksum":"39344188212"}</subfield>
			<subfield code="2">librisxl</subfield>
		</datafield>
		<datafield tag="900" ind1="1" ind2="s">
			<subfield code="6">100</subfield>
			<subfield code="a">Guin, Ursula K. le,</subfield>
			<subfield code="d">1927-2018</subfield>
			<subfield code="u">Le Guin, Ursula K.,</subfield>
			<subfield code="d">1929-2018</subfield>
		</datafield>
		<datafield tag="900" ind1="1" ind2="s">
			<subfield code="6">100</subfield>
			<subfield code="a">Le Guin, Ursula Kroeber,</subfield>
			<subfield code="d">1929-2018</subfield>
			<subfield code="u">Le Guin, Ursula K.,</subfield>
			<subfield code="d">1929-2018</subfield>
		</datafield>
		<datafield tag="900" ind1="1" ind2="s">
			<subfield code="6">100</subfield>
			<subfield code="a">Guin, Ursula Kroeber le,</subfield>
			<subfield code="d">1929-2018</subfield>
			<subfield code="u">Le Guin, Ursula K.,</subfield>
			<subfield code="d">1929-2018</subfield>
		</datafield>
		<datafield tag="976" ind1="0" ind2=" ">
			<subfield code="a">Hub.01</subfield>
			<subfield code="b">Skn̲litteratur: finska: romaner och noveller</subfield>
		</datafield>
	</record>