 -->
		<!-- <record>
		<leader>01260cam a2200313 a 4500</leader>
		<controlfield tag="001">14232564</controlfield>
		<controlfield tag="005">20060522103531.0</controlfield>
		<controlfield tag="008">060117r20061990nyu           000 1 eng  </controlfield>
		<datafield tag="020" ind1=" " ind2=" ">
			<subfield code="a">9780060853969 (acid-free paper)</subfield>
		</datafield>
		<datafield tag="100" ind1="1" ind2=" ">
			<subfield code="a">Gaiman, Neil.</subfield>
		</datafield>
		<datafield tag="245" ind1="1" ind2="0">
			<subfield code="a">Good omens :</subfield>
			<subfield code="b">the nice and accurate prophecies of Agnes Nutter, witch /</subfield>
			<subfield code="c">Neil Gaiman, Terry Pratchett.</subfield>
		</datafield>
		<datafield tag="250" ind1=" " ind2=" ">
			<subfield code="a">1st William Morrow ed.</subfield>
		</datafield>
		<datafield tag="260" ind1=" " ind2=" ">
			<subfield code="a">New York :</subfield>
			<subfield code="b">William Morrow,</subfield>
			<subfield code="c">2006.</subfield>
		</datafield>
		<datafield tag="300" ind1=" " ind2=" ">
			<subfield code="a">x, 384 p. ;</subfield>
			<subfield code="c">24 cm.</subfield>
		</datafield>
		<datafield tag="500" ind1=" " ind2=" ">
			<subfield code="a">Originally published: New York : Workman Pub., 1990.</subfield>
		</datafield>
		<datafield tag="650" ind1=" " ind2="0">
			<subfield code="a">End of the world</subfield>
			<subfield code="v">Fiction.</subfield>
		</datafield>
		<datafield tag="650" ind1=" " ind2="0">
			<subfield code="a">Witches</subfield>
			<subfield code="v">Fiction.</subfield>
		</datafield>
		<datafield tag="655" ind1=" " ind2="7">
			<subfield code="a">Humorous fiction.</subfield>
			<subfield code="2">gsafd</subfield>
		</datafield>
		<datafield tag="655" ind1=" " ind2="7">
			<subfield code="a">Fantasy fiction.</subfield>
			<subfield code="2">gsafd</subfield>
		</datafield>
		<datafield tag="700" ind1="1" ind2=" ">
			<subfield code="a">Pratchett, Terry.</subfield>
		</datafield>
	</record>