 -->
<!-- 	<record>
		<leader>02465cam a2200349 i 4500</leader>
		<controlfield tag="001">17643905</controlfield>
		<controlfield tag="005">20130408132901.0</controlfield>
		<controlfield tag="008">130207s2012    enk           000 j eng  </controlfield>
		<datafield tag="020" ind1=" " ind2=" ">
			<subfield code="a">9780385618984 (hbk.)</subfield>
		</datafield>
		<datafield tag="100" ind1="1" ind2=" ">
			<subfield code="a">Pratchett, Terry.</subfield>
			<subfield code="d">1948-2015</subfield>
			<subfield code="4">aut</subfield>
			<subfield code="0">http://viaf.org/viaf/76382712</subfield>
		</datafield>
		<datafield tag="240" ind1="1" ind2="0">
			<subfield code="a">A blink of the screen : collected shorter fiction</subfield>
			<subfield code="0">https://www.wikidata.org/wiki/Q4655514</subfield>
		</datafield>
		<datafield tag="245" ind1="1" ind2="2">
			<subfield code="a">A blink of the screen :</subfield>
			<subfield code="b">collected shorter fiction /</subfield>
			<subfield code="c">Terry Pratchett ; [with a foreword by A.S. Byatt].</subfield>
		</datafield>
		<datafield tag="264" ind1=" " ind2="1">
			<subfield code="a">London :</subfield>
			<subfield code="b">Doubleday,</subfield>
			<subfield code="c">2012.</subfield>
		</datafield>
		<datafield tag="300" ind1=" " ind2=" ">
			<subfield code="a">318 pages ;</subfield>
			<subfield code="c">24 cm</subfield>
		</datafield>
	<datafield tag="336" ind1=" " ind2=" "> 
      <subfield code="a">text</subfield> 
      <subfield code="b">txt</subfield> 
      <subfield code="2">rdacontent</subfield> 
      <subfield code="0">http://rdaregistry.info/termList/RDAContentType/1020</subfield> 
    </datafield> 
    <datafield tag="337" ind1=" " ind2=" "> 
      <subfield code="a">unmediated</subfield> 
      <subfield code="b">n</subfield> 
      <subfield code="2">rdamedia</subfield> 
      <subfield code="0">http://rdaregistry.info/termList/RDAMediaType/1007</subfield> 
    </datafield> 
    <datafield tag="338" ind1=" " ind2=" "> 
      <subfield code="a">volume</subfield> 
      <subfield code="b">nc</subfield> 
      <subfield code="2">rdacarrier</subfield> 
      <subfield code="0">http://rdaregistry.info/termList/RDACarrierType/1001</subfield> 
    </datafield> 
      <datafield tag="380" ind1=" " ind2=" "> 
            <subfield code="a">fiction</subfield> .  
            <subfield code="0">http://id.loc.gov/vocabulary/marcgt/fic</subfield>  
            <subfield code="2">marcgt</subfield> 
      </datafield> 
		<datafield tag="520" ind1=" " ind2=" ">
			<subfield code="a">In the four decades since his first book appeared in print, Terry Pratchett has become one of the world's best-selling and best-loved authors. Here for the first time are his short stories and other short-form fiction collected into one volume.</subfield>
		</datafield>
		<datafield tag="650" ind1=" " ind2="0">
			<subfield code="a">Fantasy fiction, English.</subfield>
		</datafield>
		<datafield tag="650" ind1=" " ind2="0">
			<subfield code="a">Short stories.</subfield>
		</datafield>
	</record>