
	<record>
		<leader>00925cam a22002778i 4500</leader>
		<controlfield tag="001">v4499pfdswkhrtvz</controlfield>
		<controlfield tag="003">LIBRIS</controlfield>
		<controlfield tag="005">20181003134956.0</controlfield>
		<controlfield tag="008">181003s2015    xx |||||||||||000 0|eng|d</controlfield>
		<datafield tag="020" ind1=" " ind2=" ">
			<subfield code="a">9781629911823</subfield>
			<subfield code="q">pocket</subfield>
		</datafield>
		<datafield tag="041" ind1=" " ind2=" ">
			<subfield code="a">eng</subfield>
		</datafield>
		<datafield tag="100" ind1="1" ind2=" ">
			<subfield code="a">Gaiman, Neil</subfield>
			<subfield code="4">aut</subfield>
		</datafield>
		<datafield tag="245" ind1="1" ind2="0">
			<subfield code="a">Neil gaiman's lady justice #1</subfield>
		</datafield>
		<datafield tag="263" ind1=" " ind2=" ">
			<subfield code="a">201505</subfield>
		</datafield>
		<datafield tag="264" ind1=" " ind2="1">
			<subfield code="b">Papercutz,</subfield>
			<subfield code="c">2015</subfield>
		</datafield>
		<datafield tag="300" ind1=" " ind2=" ">
			<subfield code="a">232 sidor</subfield>
			<subfield code="c">26.2 cm</subfield>
		</datafield>
		<datafield tag="336" ind1=" " ind2=" ">
			<subfield code="b">txt</subfield>
			<subfield code="2">rdacontent</subfield>
		</datafield>
		<datafield tag="337" ind1=" " ind2=" ">
			<subfield code="b">n</subfield>
			<subfield code="2">rdamedia</subfield>
		</datafield>
		<datafield tag="338" ind1=" " ind2=" ">
			<subfield code="b">nc</subfield>
			<subfield code="2">rdacarrier</subfield>
		</datafield>
		<datafield tag="340" ind1=" " ind2=" ">
			<subfield code="b">26.2 cm</subfield>
		</datafield>
		<datafield tag="655" ind1=" " ind2="4">
			<subfield code="0">https://id.kb.se/marc/NotFictionNotFurtherSpecified</subfield>
		</datafield>
		<datafield tag="700" ind1="1" ind2=" ">
			<subfield code="a">Chen, Mike</subfield>
			<subfield code="4">ill</subfield>
		</datafield>
	</record>