
	<record>
		<leader>01274cam a22002895a 4500</leader>
		<controlfield tag="001">pz2t25nlm1tpqj4k</controlfield>
		<controlfield tag="003">LIBRIS</controlfield>
		<controlfield tag="005">20181109080201.0</controlfield>
		<controlfield tag="008">181026s2014    xx_|||||||||||000 1|und|c</controlfield>
		<datafield tag="020" ind1=" " ind2=" ">
			<subfield code="a">9787501603619</subfield>
		</datafield>
		<datafield tag="041" ind1=" " ind2=" ">
			<subfield code="a">und</subfield>
		</datafield>
		<datafield tag="100" ind1="1" ind2=" ">
			<subfield code="a">Gaiman, Neil</subfield>
			<subfield code="4">aut</subfield>
			<subfield code="0">http://viaf.org/viaf/103859257</subfield>
		</datafield>
		<datafield tag="245" ind1="1" ind2="0">
			<subfield code="a">Odd and the Frost Giants (Chinese edition) /</subfield>
			<subfield code="c">Neil Gaiman.</subfield>
		</datafield>
		<datafield tag="264" ind1=" " ind2="1">
			<subfield code="b">Daylight Publishing House,</subfield>
			<subfield code="c">2014</subfield>
		</datafield>
		<datafield tag="300" ind1=" " ind2=" ">
			<subfield code="a">0 s.</subfield>
			<subfield code="c">0 cm</subfield>
			<subfield code="c">0 cm</subfield>
		</datafield>
		<datafield tag="340" ind1=" " ind2=" ">
			<subfield code="b">0 cm</subfield>
			<subfield code="b">0 cm</subfield>
		</datafield>
		<datafield tag="655" ind1=" " ind2="4">
			<subfield code="0">https://id.kb.se/marc/FictionNotFurtherSpecified</subfield>
		</datafield>
	</record>