
	<record>
		<leader>01121cam a22002775a 4500</leader>
		<controlfield tag="001">s24g6cldqggxdxx6</controlfield>
		<controlfield tag="003">LIBRIS</controlfield>
		<controlfield tag="005">20181022094757.0</controlfield>
		<controlfield tag="008">181022s2007    us |||||||||||000 1|eng|c</controlfield>
		<datafield tag="020" ind1=" " ind2=" ">
			<subfield code="a">9780060853976</subfield>
		</datafield>
		<datafield tag="041" ind1=" " ind2=" ">
			<subfield code="a">eng</subfield>
		</datafield>
		<datafield tag="100" ind1="1" ind2=" ">
			<subfield code="a">Gaiman, Neil</subfield>
		</datafield>
		<datafield tag="245" ind1="1" ind2="0">
			<subfield code="a">Good Omens: The Nice and Accurate Prophecies of Agnes Nutter, Witch /</subfield>
			<subfield code="c">Neil Gaiman.</subfield>
		</datafield>
		<datafield tag="264" ind1=" " ind2="1">
			<subfield code="b">William Morrow & Company,</subfield>
			<subfield code="c">2007</subfield>
		</datafield>
		<datafield tag="300" ind1=" " ind2=" ">
			<subfield code="a">384 s.</subfield>
			<subfield code="c">2.5 cm</subfield>
		</datafield>
		<datafield tag="340" ind1=" " ind2=" ">
			<subfield code="b">2.5 cm</subfield>
		</datafield>
		<datafield tag="655" ind1=" " ind2="4">
			<subfield code="0">https://id.kb.se/marc/FictionNotFurtherSpecified</subfield>
		</datafield>
	</record>