
	<record>
		<leader>01220cam a22002895a 4500</leader>
		<controlfield tag="001">3cd3wv941mdmt2kq</controlfield>
		<controlfield tag="003">LIBRIS</controlfield>
		<controlfield tag="005">20181016080145.0</controlfield>
		<controlfield tag="008">181008s2017    xx_|||||||||||000 1|und|c</controlfield>
		<datafield tag="020" ind1=" " ind2=" ">
			<subfield code="a">9788652128280</subfield>
		</datafield>
		<datafield tag="041" ind1=" " ind2=" ">
			<subfield code="a">und</subfield>
		</datafield>
		<datafield tag="100" ind1="1" ind2=" ">
			<subfield code="a">Gaiman, Neil</subfield>
		</datafield>
		<datafield tag="245" ind1="1" ind2="0">
			<subfield code="a">Nordijska mitologija (Serbiska) /</subfield>
			<subfield code="c">Neil Gaiman.</subfield>
		</datafield>
		<datafield tag="264" ind1=" " ind2="1">
			<subfield code="b">Laguna,</subfield>
			<subfield code="c">2017</subfield>
		</datafield>
		<datafield tag="300" ind1=" " ind2=" ">
			<subfield code="a">0 s.</subfield>
			<subfield code="c">0 cm</subfield>
		</datafield>
		<datafield tag="340" ind1=" " ind2=" ">
			<subfield code="b">0 cm</subfield>
		</datafield>
		<datafield tag="655" ind1=" " ind2="4">
			<subfield code="0">https://id.kb.se/marc/FictionNotFurtherSpecified</subfield>
		</datafield>
	</record>