
	<record>
		<leader>02159cam a22005177i 4500</leader>
		<controlfield tag="001">8jjpwfl06b4zhwv0</controlfield>
		<controlfield tag="003">LIBRIS</controlfield>
		<controlfield tag="005">20190219140830.0</controlfield>
		<controlfield tag="008">181003s2015    xxk|||||||||||000 f|eng|d</controlfield>
		<datafield tag="020" ind1=" " ind2=" ">
			<subfield code="a">9781473214712</subfield>
			<subfield code="q">inbunden</subfield>
		</datafield>
		<datafield tag="041" ind1=" " ind2=" ">
			<subfield code="a">eng</subfield>
		</datafield>
		<datafield tag="100" ind1="1" ind2=" ">
			<subfield code="a">Gaiman, Neil</subfield>
			<subfield code="4">aut</subfield>
			<subfield code="0">https://libris.kb.se/jgvz4n024qp1xps#it</subfield>
		</datafield>
		<datafield tag="245" ind1="1" ind2="0">
			<subfield code="a">Good omens :</subfield>
			<subfield code="b">the nice and accurate prophecies of Agnes Nutter, witch /</subfield>
			<subfield code="c">by Neil Gaiman and Terry Pratchett.</subfield>
		</datafield>
		<datafield tag="264" ind1=" " ind2="1">
			<subfield code="a">London :</subfield>
			<subfield code="b">Gollancz,</subfield>
			<subfield code="c">2015</subfield>
		</datafield>
		<datafield tag="300" ind1=" " ind2=" ">
			<subfield code="a">424 sidor</subfield>
			<subfield code="c">14 cm</subfield>
		</datafield>
		<datafield tag="336" ind1=" " ind2=" ">
			<subfield code="b">txt</subfield>
			<subfield code="2">rdacontent</subfield>
		</datafield>
		<datafield tag="337" ind1=" " ind2=" ">
			<subfield code="b">n</subfield>
			<subfield code="2">rdamedia</subfield>
		</datafield>
		<datafield tag="338" ind1=" " ind2=" ">
			<subfield code="b">nc</subfield>
			<subfield code="2">rdacarrier</subfield>
		</datafield>
		<datafield tag="340" ind1=" " ind2=" ">
			<subfield code="b">14 cm</subfield>
		</datafield>
		<datafield tag="500" ind1=" " ind2=" ">
			<subfield code="a">Originalupplaga 1990</subfield>
		</datafield>
		<datafield tag="655" ind1=" " ind2="7">
			<subfield code="a">Romaner</subfield>
			<subfield code="0">https://id.kb.se/term/saogf/Romaner</subfield>
			<subfield code="2">saogf</subfield>
		</datafield>
		<datafield tag="655" ind1=" " ind2="7">
			<subfield code="a">Fantasy</subfield>
			<subfield code="0">https://id.kb.se/term/saogf/Fantasy</subfield>
			<subfield code="2">saogf</subfield>
		</datafield>
		<datafield tag="655" ind1=" " ind2="4">
			<subfield code="0">https://id.kb.se/marc/Novel</subfield>
		</datafield>
		<datafield tag="700" ind1="1" ind2=" ">
			<subfield code="a">Pratchett, Terry,</subfield>
			<subfield code="d">1948-2015</subfield>
			<subfield code="4">aut</subfield>
			<subfield code="0">https://libris.kb.se/ljx02jb424jblkq#it</subfield>
		</datafield>
	</record>